2566 4214
365 297 410 356 IN
430 293 582 353 EPISTT·
601 293 662 352 AD
681 292 770 354 m.
1008 300 1043 358 13
1086 317 1088 320 ·

76 553 78 556 ¹
137 461 221 529 Ibid.
243 459 436 548 paulopost.
460 457 575 524 “Inde
591 457 795 545 Pomptinam
810 460 1015 524 summam*.”

150 603 155 622 '
170 592 211 650 id
222 592 304 652 istud
316 609 457 649 summam
471 591 527 649 sibi
535 589 615 660 velit,
627 590 707 648 docti
715 609 774 648 non
785 568 996 666 assequuntur3
1017 601 1046 651 et

200 701 213 750 t
226 693 278 768 qui
290 693 400 751 vellent
414 692 531 750 invisam
544 709 689 767 reponere
719 691 783 767 Ego
796 691 911 748 exitum
926 710 1046 770 corrup-

89 803 157 850 tum
170 793 342 871 superlativi
354 793 462 851 veteris
475 791 507 849 in
517 809 623 849 -umam
638 790 740 850 videor
752 811 906 868 agnoscere
919 800 949 851 et
962 813 1045 871 repo-

89 897 218 957 nendum
232 917 332 956 censeo
345 898 609 963 r'aamoem’ssumam,
624 896 711 971 cujus
720 896 782 971 jam
795 897 906 974 priores
920 898 1046 975 syllabae

88 1000 164 1057 duae
177 999 261 1057 facile
273 999 425 1076 potuerint
445 1005 565 1074 propter
586 997 757 1073 posteriores
779 997 852 1056 duas
876 998 908 1056 in
921 998 1045 1074 Pompa·-

87 1121 155 1160 aam
167 1103 296 1160 interire.
336 1102 377 1158 Et
390 1099 520 1158 conferre
532 1099 616 1156 lubet
629 1097 857 1159 emendationem
870 1108 1002 1161 nostram
1015 1107 1046 1163 in
1069 1085 1071 1091 ,

87 1203 140 1260 illo
151 1203 232 1262 daN.
242 1203 282 1264 D.
298 1201 338 1258 iii.
353 1203 411 1270 34,
427 1205 446 1232 “
457 1199 517 1275 qui,
534 1198 716 1274 temporibus
728 1199 787 1256 illis
800 1203 907 1278 praedo
920 1205 951 1262 in
960 1206 1045 1264 Pam-

87 1303 198 1381 phylia,
214 1302 399 1378 felicissumus
420 1299 621 1369 habebatur;’'
641 1298 695 1356 ubi
716 1299 779 1358 edd.
804 1303 921 1377 quidem
936 1309 1046 1381 praedo

79 1403 154 1478 felic
166 1401 320 1470 labebatur,
342 1399 424 1458 codd.
443 1407 543 1456 autem
563 1405 623 1463 tres
639 1417 671 1473 p.
689 1400 852 1460 summust.
895 1404 946 1460 Ad
959 1425 1046 1480 quem

86 1505 184 1560 locum
197 1503 283 1579 plura
294 1501 428 1578 corrupti
441 1499 613 1578 superlativi
624 1499 756 1576 exempla
769 1501 846 1574 dedi,
861 1505 969 1578 quibus
978 1505 1046 1564 addi

85 1615 184 1684 potest
197 1605 229 1663 in
244 1607 324 1664 Tucc.
337 1605 377 1663 iv.
395 1607 438 1664 15.
454 1606 500 1664 34.
516 1605 621 1662 codicis
636 1606 740 1662 Duisb.
754 1607 842 1665 lectio
855 1608 930 1667 brevi
937 1582 1045 1668 marma

86 1727 141 1783 pro
154 1705 320 1774 brevissume,
334 1724 446 1763 necnon
456 1705 586 1764 omnium
596 1706 656 1764 fere
666 1706 743 1764 infra
753 1708 818 1764 viii.
832 1711 875 1768 15.
888 1710 926 1769 Α.
939 1714 967 1769 3.
981 1713 1046 1770 velis

85 1825 188 1865 summe
205 1825 259 1882 pro
279 1805 435 1864 bellosam·
475 1807 613 1864 Ceterum
635 1806 672 1863 ad
692 1826 754 1865 rem
774 1808 866 1884 ipsam
886 1809 991 1870 adhibe
1011 1813 1045 1870 dc

89 1907 168 1966 Orat.
194 1907 225 1965 ii.
254 1909 302 1970 71.
325 1910 402 1976 290,
429 1911 608 1982 “tamquam
630 1907 662 1964 in
685 1908 863 1984 Pomptinum
885 1911 1043 1974 deverteris

85 2026 170 2084 acque
181 2025 327 2066 amoenum
338 2027 433 2084 neque
447 2008 593 2066 salubrem
604 2008 730 2067 locum.”

131 2197 174 2208 ..
185 2159 216 2222 9.
236 2159 262 2217 1.
279 2162 301 2194 “
312 2151 515 2235 Quotidiano,
528 2151 643 2237 inquis,
654 2175 673 2216 a
683 2151 923 2239 teaccipiendae
931 2156 1041 2224 literae

87 2262 189 2327 sunt?
236 2260 272 2328 Si
293 2259 426 2338 habebo,
450 2259 502 2325 cui
523 2259 606 2337 dem,
630 2259 783 2345 quotidie.
827 2262 879 2328 At
888 2263 957 2349 jam
973 2266 1041 2354 ipse
1161 2273 1169 2293 ⁸

86 2372 170 2438 ades.
215 2370 303 2436 Tum
315 2369 425 2457 igitur,
442 2391 542 2454 quum
557 2367 704 2446 vencr0*,
721 2367 892 2435 desinam.''

125 2505 225 2562 Lamb.
239 2503 350 2562 aenens.
391 2502 494 2561 Scribe
507 2520 590 2578 qaum
608 2469 761 2572 conburere,
777 2523 814 2562 sc.
829 2515 860 2564 te.
900 2507 944 2566 Cf.
957 2509 998 2567 ix.
1013 2513 1039 2576 9.

86 2609 122 2674 2.,
149 2609 270 2682 “quum
290 2623 358 2662 eum
377 2621 525 2660 convertero
534 2605 565 2676 ;”
585 2611 615 2662 et
638 2605 683 2662 15.
704 2607 740 2674 3.,
763 2605 892 2675 “Quum
915 2617 951 2666 tu
971 2609 1042 2669 haec

86 2707 172 2782 leges,
191 2724 244 2782 ego
259 2705 345 2762 illum
358 2704 479 2761 fortasse
496 2721 640 2762 convenere
649 2705 680 2778 ;’'
697 2725 728 2762 x.
742 2707 786 2764 10.
801 2708 840 2779 5.,
857 2707 943 2766 “Sed
955 2710 1042 2786 plura

87 2807 219 2876 scribam,
243 2824 335 2881 quum
355 2804 443 2863 illum
465 2806 644 2877 conveneross’
674 2824 722 2863 xv.
743 2809 790 2870 29.
815 2808 848 2878 1.,
882 2810 1042 2870 “Brutum

88 2925 180 2982 quum
192 2924 345 2976 convertero,
360 2903 537 2982 perscribam
550 2897 673 2963 omnia.”

132 3025 240 3091 VIII.
266 3033 315 3092 11.
329 3031 360 3092 5.
385 3035 407 3068 “
421 3023 518 3110 Quod
532 3024 666 3111 quaeris,
684 3023 762 3112 quid
784 3024 902 3093 Caesar
922 3029 963 3094 ad
987 3054 1046 3109 me·

74 3179 75 3194 .
93 3135 267 3224 scripserit*
272 3160 282 3214 ;
303 3137 390 3224 quod
412 3159 518 3224 saepe:
545 3135 758 3225 gratissimum
788 3135 847 3204 sibi
862 3159 939 3218 esse,
951 3143 1055 3226 quod,

92 3246 252 3333 quierim.'’

125 3379 251 3457 Aliquot
262 3382 379 3456 ocubuit.
401 3379 537 3442 Fortasse
548 3379 746 3458 recipiendum
763 3387 938 3459 utrumque:
962 3383 1043 3452 Quod

91 3483 205 3558 qaas,
220 3483 306 3558 quil.
320 3523 328 3540 .
343 3524 351 3541 .
364 3482 508 3558 compserit,
522 3482 640 3558 scripsit,
654 3482 729 3558 quod
738 3499 824 3557 saepe.

131 3651 170 3665 ..
194 3612 243 3676 15.
259 3607 306 3673 A.
321 3613 353 3674 a.
369 3605 741 3704 “Isquaeoumquesbi
756 3590 941 3684 sacam
956 3607 1038 3697 dixti

545 3735 565 3779 a
