2566 4214
168 353 186 412 6
435 354 478 412 IN
500 353 649 412 EPISTT.
671 353 731 411 AD
751 355 851 415 ΕΔΜ.

169 519 295 576 veniat.”
338 519 397 576 Jos.
419 519 553 595 Scaliger.
574 519 675 594 spart.
695 539 723 596 p.
748 524 825 588 227„
848 528 867 554 “
879 518 1021 594 κακόηθες,
1042 519 1120 594 quod

170 620 302 676 nasicam
315 620 376 676 vita
391 639 498 678 exuere
510 622 664 696 possunt.'’
704 620 782 678 Vide
794 623 881 679 etiam
894 623 970 680 infra
983 641 1011 698 p.
1025 624 1072 680 20.

214 784 260 849 V.
284 792 316 853 9.
340 792 367 850 l.
388 784 588 872 (Vatinius):
612 795 636 826 “
650 783 685 850 si
702 793 791 850 tuam
805 786 1064 852 consuetudinem
1085 787 1118 850 in

139 877 142 885 ¹
170 894 352 979 patrociniis
366 893 493 958 tuendis
508 915 623 970 servas,
640 892 678 958 P.
687 893 838 959 Vatinius
850 893 946 960 cliens
955 894 1116 970 advenit*‚

172 1003 228 1087 qui
242 1025 300 1089 pro
314 1025 348 1068 se
366 1023 492 1067 causam
502 1000 618 1066 dicier*
634 1001 733 1067 vult.”

206 1131 278 1190 Edd
300 1131 440 1207 quaedam
454 1132 494 1189 od
505 1139 530 1188 tc
542 1133 621 1189 acuit.
661 1132 808 1190 Fortasse:
833 1133 911 1201 vonit,
933 1151 952 1189 o
970 1141 995 1189 tc
1014 1133 1063 1206 qai
1076 1164 1119 1186 -.

168 1233 281 1291 Deinde
292 1253 347 1309 pro
360 1233 446 1290 dicier
459 1231 516 1290 ooo
529 1231 646 1290 mallem
659 1233 717 1290 dici
724 1232 848 1306 pervalet

213 1396 299 1461 VII.
315 1403 347 1466 9.
367 1401 412 1461 l.:
436 1407 457 1438 ‘⁶
467 1396 573 1462 sedad
587 1419 660 1462 eum
671 1406 799 1483 propter
810 1397 878 1482 ejus
891 1399 1117 1480 occupationes*

169 1505 248 1570 nihil
262 1528 333 1570 sum
347 1527 442 1570 ausus
454 1504 618 1570 scribere.''

182 1653 187 1664 ’
206 1641 254 1696 Ex
276 1638 476 1714 supplemento
497 1646 648 1713 receptum
670 1644 714 1694 est
734 1637 925 1711 occupationes,
946 1638 1023 1712 qnod
1037 1657 1119 1694 voca-

169 1743 274 1798 bulum
285 1739 427 1815 quomodo
437 1739 569 1814 potuerit
580 1738 721 1807 excidere,
734 1737 868 1814 equidem
876 1757 934 1795 non
944 1738 1034 1795 video.
1055 1739 1120 1796 Nisi

167 1845 244 1900 forte
257 1840 344 1900 simul
358 1839 467 1898 excidit
480 1841 657 1914 adjectivum
671 1840 750 1915 quod
763 1848 807 1898 est
820 1843 941 1913 orimioo;
960 1851 996 1898 ut
1009 1841 1120 1918 syllaba

166 1945 199 2000 oi
209 1944 240 1999 in
253 1941 323 1999 nito
333 1939 457 2017 repetita
470 1959 556 1998 causa
568 1949 665 1998 exstet
674 1940 801 1999 lacunae.
841 1939 988 2002 Fortasse:
1004 1951 1120 2017 proptor

167 2061 210 2100 rec
222 2059 287 2115 ejus.
723 2053 726 2059 ·

212 2229 259 2274 -Ὶ
273 2191 341 2254 la:
366 2192 389 2224 “
400 2182 456 2269 qui
471 2181 574 2269 (libri)
589 2204 781 2268 quamquam
799 2181 928 2268 plurimi
942 2193 1027 2260 aunt,
1043 2185 1117 2250 doc-

71 2354 74 2360 .
170 2305 271 2360 torem
284 2303 390 2359 tamen
403 2291 660 2376 nonnumquam*
674 2292 882 2358 desiderant.”

209 2427 285 2486 Med.
312 2445 458 2512 unumque.
506 2425 654 2483 Fortasse:
682 2445 768 2484 anam
792 2425 968 2501 alteramque,
997 2427 1043 2484 vel
1063 2445 1119 2484 noo
1166 2425 1174 2438 “’

56 2549 58 2553 ’
169 2547 264 2587 imum·

212 2676 366 2740 -24-1.
390 2681 412 2712 “
425 2669 555 2770 Amoris
577 2669 707 2755 quidem
730 2669 788 2746 tui,
814 2693 943 2755 quoquo
957 2692 1008 2735 me
1023 2672 1114 2747 verti,

171 2777 353 2866 vestigh*·”

209 2909 341 2966 Fortasse
353 2907 412 2965 otti
422 2906 539 2984 uastata
580 2906 656 2965 Nam
675 2907 712 2965 de
724 2906 918 2965 clliteratione
927 2925 1002 2983 quae
1016 2908 1066 2966 fiat
1087 2909 1117 2965 in

168 3009 236 3068 verti
245 3009 305 3068 cidi
315 3008 427 3084 vestigio
439 3007 495 3066 vid
511 3008 608 3066 Halm
622 3007 698 3084 adp.
712 3007 779 3068 sen
793 3027 822 3084 p.
838 3005 902 3068 166.
916 3018 946 3067 et
963 3011 1026 3067 184.

216 3171 322 3240 VIII.
348 3177 397 3238 14.
413 3177 459 3238 2.:
483 3179 642 3238 “causam
655 3171 752 3250 illam,
767 3173 853 3240 non*
863 3171 1006 3240 homines
1021 3174 1101 3239 odi.”

210 3304 286 3364 Med
298 3303 378 3362 uada
417 3303 564 3362 Fortasse:
583 3321 639 3361 ooo
649 3304 749 3380 atqua

218 3445 285 3512 IX.
307 3453 337 3514 8.
357 3451 400 3511 l.:
423 3443 553 3512 “Nosti
573 3445 656 3512 enim
670 3445 877 3533 profectoos*
890 3445 980 3534 ejus*
995 3446 1115 3511 adoles-

175 3553 320 3626 centioris
333 3553 553 3622 Academiae?

211 3689 301 3764 Recte
313 3687 454 3749 Orellius:
474 3693 494 3723 ⁴⁶
501 3686 678 3759 Videndum,
689 3706 764 3748 anne
773 3688 861 3748 lateat
869 3707 929 3748 voc
945 3688 1116 3749 Gmoeumr’
