2566 4214
413 354 457 411 IN
479 355 629 414 EPISTT.
650 354 711 413 AD
730 357 832 416 ΕΔΜ.
1087 366 1107 425 9

201 559 243 568 -
258 520 310 580 45.
335 524 357 556 “
368 539 441 580 nam
461 517 500 582 de
516 528 571 582 tua
592 540 667 605 erga
681 542 732 584 me
752 519 915 586 voluntate
936 543 1000 586 non
1015 523 1107 588 dubi-

158 643 295 709 tabat*.’'

194 777 294 850 Immo,
309 779 419 854 opinor,
441 779 582 838 dubitabo.
624 781 668 838 Of.
690 781 774 858 epist.
794 783 850 851 47„
874 787 938 842 “ut
952 784 1059 844 sentiat
1078 792 1108 840 et

156 897 185 935 se
198 897 215 935 e.
227 897 273 936 me
287 888 317 937 et
330 899 376 938 me
389 899 408 938 a
419 889 450 938 te
463 882 582 940 amar'a'’

200 1043 242 1052 -
256 1005 309 1064 58.
333 999 565 1068 “Commendo
579 1001 640 1069 tibi
654 1001 822 1082 hominem,
841 1003 941 1072 siout*
957 1018 1014 1068 tuo
1028 1003 1106 1069 fides

157 1117 190 1172 et
204 1132 292 1174 meus
306 1111 410 1195 pudor
420 1111 590 1196 postulat.”

194 1239 297 1296 Potius
315 1239 478 1299 Commendo
487 1241 541 1299 noi
551 1241 685 1300 homiaem
698 1243 743 1309 aio,
756 1251 786 1300 ad
797 1281 844 1299 -.
871 1244 1021 1312 Quomodo
1034 1243 1107 1300 divi-

156 1339 209 1394 sim
224 1340 405 1398 scribendum
421 1361 520 1400 censeo
533 1344 620 1400 etiam
633 1362 700 1400 mox
713 1342 759 1402 63.
774 1347 800 1401 2.

202 1481 306 1546 XIV.
329 1489 360 1548 4.
375 1491 407 1551 5.
433 1483 563 1566 “Quod
577 1484 733 1570 reliquum
749 1495 808 1562 est,
825 1496 967 1553 sustenta
981 1496 1024 1564 te,
1037 1510 1107 1552 mea

158 1589 318 1668 Terentia,
334 1591 768 1677 utpotes*‚honestissi1ne.”
914 1603 918 1612 '

196 1722 336 1782 Tollenda
357 1723 515 1794 distinctio,
544 1725 659 1802 opinor:
683 1734 712 1783 ut
732 1735 810 1800 poteo
832 1726 1024 1798 honmtdeimm
1044 1729 1063 1788 i.
1085 1747 1107 1786 e.

156 1835 232 1880 slout
244 1860 284 1871 -

200 1941 285 2006 XV.
308 1948 340 2006 4.
359 1949 407 2008 14.
432 1954 453 1985 “
464 1953 501 2009 ut
515 1944 570 2009 eo*
590 1945 784 2014 alienissimis
800 1947 890 2014 sooiis
905 1947 1106 2012 amicissimos

159 2099 166 2112 .
185 2050 399 2117 ,redderem.”

193 2185 241 2241 Ex
255 2186 456 2262 supplemento
469 2196 513 2244 est
525 2205 566 2244 ea.
606 2187 706 2246 Malim
723 2207 792 2264 ergo
805 2189 960 2264 interponi,
975 2189 1107 2246 alienissi-

154 2288 205 2342 mis
217 2305 250 2344 eo
261 2289 346 2357 sociis,
362 2296 469 2345 utnon
484 2289 545 2346 sine
558 2307 643 2346 causa
654 2290 785 2365 potuerit
798 2291 937 2350 excidere.

199 2452 242 2462 -
260 2415 309 2472 14.
329 2415 355 2472 l.
374 2408 470 2475 “Sed
484 2411 699 2494 tamemquod
712 2411 760 2477 te*
775 2412 815 2478 ab
827 2434 864 2478 eo
879 2412 1006 2500 egregie
1015 2412 1106 2499 diligi

157 2515 249 2590 sensi,
266 2516 369 2581 multo
382 2516 510 2582 amicior
524 2515 553 2580 ei
568 2517 785 2584 sum'iaotus.''

194 2647 241 2705 Ex
255 2648 349 2724 suppl.
371 2655 414 2706 es‘o
433 2657 464 2706 te.
504 2649 584 2724 Ergo
608 2649 792 2707 scribendum
815 2659 838 2708 te
858 2651 932 2726 qnod
944 2688 991 2704 -.
1033 2652 1108 2706 Nom

154 2765 210 2804 non
226 2749 287 2806 sine
300 2767 386 2806 causa
398 2748 493 2806 solent
506 2749 577 2806 talia
590 2749 731 2808 excidero

200 2866 305 2931 XVI.
329 2875 359 2933 3.
376 2874 407 2932 2.
426 2877 448 2909 “
460 2868 535 2933 satis
550 2869 711 2954 quotidie*
723 2869 841 2948 videro,
859 2870 886 2934 si
900 2869 1048 2935 vaiebis.’'

195 3000 306 3058 Probat
320 2999 410 3058 Orell.
434 3001 565 3060 Ernestii
587 3003 777 3076 suspicionem
801 3003 868 3060 satas
891 3003 943 3058 oito
963 3011 987 3059 te
1007 3003 1107 3058 videro.

155 3099 231 3156 Mihi
244 3101 381 3175 vulgatae
394 3101 527 3158 lectionis
541 3101 700 3180 hyperbole
718 3103 898 3160 sollicitanda
911 3095 968 3158 non
981 3103 1106 3159 videtur.

156 3201 200 3256 Cf.
215 3205 261 3258 22.
279 3205 312 3270 1.,
329 3208 346 3234 “
356 3202 469 3259 Mecum
482 3220 517 3269 es,
531 3203 555 3258 ai
569 3213 598 3259 te
611 3205 723 3259 ouras.''

200 3365 243 3376 -
263 3326 293 3385 8.
310 3326 340 3386 2.
365 3319 471 3408 “Ego
491 3330 577 3386 oerte
601 3321 743 3408 singulos
765 3323 834 3407 ejus
853 3343 962 3387 versus
982 3322 1107 3408 singula

157 3429 245 3515 ejus*
260 3430 440 3496 testimonia
451 3429 558 3516 puto.”

85 3610 87 3614 .
195 3564 375 3641 corruptum
399 3563 480 3621 istud
500 3563 626 3621 alterum
653 3566 716 3638 ejus.
757 3565 864 3622 Tentat
885 3563 974 3622 Orell.
998 3563 1108 3638 sioyola

157 3666 256 3735 σοφίαι
267 3667 424 3728 testimonio.
467 3665 524 3724 Sed
536 3684 589 3724 acu
605 3667 642 3723 V.
659 3667 689 3724 C.
705 3686 763 3724 non
781 3665 881 3741 tetigit
898 3685 965 3722 rem.
1007 3665 1109 3722 Scribe

157 3764 261 3822 ..som
274 3768 431 3828 tatiano«.
473 3766 517 3827 of.
531 3764 640 3828 aona
653 3767 693 3828 ix.
709 3767 736 3830 ι.
752 3769 790 3835 ³..
807 3761 1047 3836 Εἱδώισοιλέιω.

1151 3887 1273 4184 Δ
