2566 4214
379 306 425 366 IN
445 306 690 366 SCRIPTORES
710 303 870 366 VARIOS.
1073 311 1111 368 23

157 483 209 534 tur
229 473 368 551 Augusto
380 469 415 530 ?”
456 472 571 549 Quippe
591 471 700 531 diserte
720 479 847 530 testatur
869 470 1028 532 Suetonius
1051 490 1111 550 cap.

157 575 214 644 78,
235 593 295 632 non
315 573 440 650 amplius
462 573 562 644 istum,
583 593 676 650 quum
696 573 867 652 plurimum,
891 593 979 650 quam
1001 581 1113 651 septem

156 675 250 745 horas,
265 675 384 734 solitum
397 674 531 734 dormire.
551 675 636 744 Quod
645 694 714 734 vero
727 675 804 733 idem
814 675 1000 734 scribendum
1013 684 1112 734 censet

156 775 330 853 aboeqaead
335 793 471 832 summum
481 775 685 850 interperantur
693 774 793 853 (quam
801 775 1113 834 emendationemaum·

156 876 211 934 mis
224 875 361 932 laudibus
378 875 488 952 excipit
509 876 543 933 P.
557 874 724 934 Hoffmann.
747 874 926 951 Peerlkamp.
954 873 1027 934 Bibl.
1044 873 1113 934 orit.

35 967 44 982 ”
145 977 231 1036 Nou.
239 976 296 1035 vol.
305 977 345 1034 V.
354 996 382 1053 p.
396 974 487 1054 530.)‚
503 976 640 1034 advocato
649 976 797 1046 Suetonio,
810 977 870 1052 qui,
882 985 978 1034 cetere
992 976 1114 1035 erimina

158 1077 318 1148 simulitum,
332 1078 430 1155 ipsum
440 1078 517 1136 aleae
529 1096 676 1136 rumorem
693 1097 752 1135 non
765 1077 922 1136 declinasse
934 1077 1052 1148 scribat,
1066 1077 1115 1136 vel

158 1184 320 1242 constituta
339 1192 448 1254 setate3
468 1203 526 1240 non
548 1184 651 1242 scribit
671 1183 832 1242 Suetonius
845 1183 1020 1260 Augustum
1036 1182 1114 1242 aleae

157 1303 304 1343 rumorem
329 1303 386 1342 stoa
410 1283 565 1354 declinasse,
590 1285 673 1360 quasi
700 1302 758 1342 non
779 1282 892 1342 invitus
914 1292 1003 1361 atque
1021 1302 1115 1359 aequo

158 1383 253 1441 animo
268 1402 415 1442 rumorem
437 1383 517 1442 hunc
538 1384 674 1442 subiisset
687 1403 720 1442 ac
739 1383 912 1460 suscepisset
924 1403 1026 1460 neque,
1041 1392 1078 1442 ut
1097 1404 1115 1443 a

158 1504 188 1545 se
200 1493 345 1544 averteret
358 1493 447 1561 atque
459 1493 612 1554 amoveret,
635 1502 751 1561 operam
764 1484 899 1542 dedisset.
939 1483 997 1543 Sed
1010 1484 1114 1542 scribit

160 1593 178 1618 “
188 1585 351 1643 utromodo
360 1585 525 1660 capacisse”
545 1584 713 1660 Veriusque
726 1583 835 1642 diceres
845 1583 1012 1656 declinasse,
1026 1601 1115 1660 quam

158 1703 216 1743 uon
236 1684 398 1744 declinasse.
439 1683 524 1742 Siout
544 1703 577 1742 re
595 1703 664 1742 vera
684 1683 848 1752 declinavit,
872 1683 922 1741 sed
944 1701 997 1741 suo
1018 1684 1113 1742 modo.

159 1784 188 1841 N
189 1803 235 1842 am
245 1803 304 1842 non
317 1785 474 1842 desistebat
486 1783 588 1841 ludere
602 1801 720 1841 rumore
740 1782 909 1852 deterritus,
930 1781 980 1840 sed
992 1781 1114 1845 ludebat

159 1884 328 1962 simpliciter
337 1894 368 1943 et
380 1885 485 1960 palam,
499 1893 535 1942 ut
548 1883 632 1942 facile
644 1891 804 1960 appareret,
818 1883 1020 1942 oblectamenti
1028 1903 1115 1943 eausa

39 2044 45 2059 ,
160 2006 236 2057 eum,
248 2005 306 2044 non
318 1985 453 2044 lucrandi
466 1984 564 2044 studio
577 1984 753 2062 perdendive
762 1985 927 2044 temeritate
939 1984 1057 2057 ludere3
1076 1994 1114 2046 ut

159 2089 212 2148 vix
225 2089 315 2166 magis
335 2089 413 2147 aleae
432 2089 542 2146 crimen
561 2107 656 2164 quam,
669 2087 876 2146 somnolentiae
893 2088 926 2146 in
939 2087 1114 2166 Augustum

161 2189 253 2250 cadat.
283 2189 340 2249 Sed
352 2208 451 2248 veram
464 2187 635 2247 emendandi
647 2187 733 2256 viam,
750 2185 809 2246 nisi
830 2186 925 2258 fallor,
948 2186 1027 2246 idem
1040 2187 1113 2250 Sue·

160 2290 259 2349 tonius
273 2289 328 2348 elio
341 2289 404 2350 loeo
416 2288 453 2368 (c.
468 2286 529 2364 43.)
542 2285 691 2355 indicabit,
705 2285 759 2344 ubi
772 2285 823 2356 ait,
838 2287 1071 2363 spectaculorum
1082 2296 1114 2348 et

160 2389 331 2450 assiduitate
343 2397 373 2448 et
388 2390 530 2450 varietata
541 2395 629 2464 etque
640 2385 855 2464 magnificentia
867 2388 1040 2464 Augustum
1053 2407 1113 2448 om-

159 2511 212 2550 nes
225 2490 414 2550 antecessisse.
441 2488 633 2548 Scribendum
645 2507 723 2566 ergo,
737 2488 854 2566 opinor:
874 2497 954 2568 utque
967 2488 1007 2548 ad
1017 2506 1113 2564 sump-

160 2602 218 2650 tam
243 2591 308 2669 (val
328 2587 458 2668 mimum)
481 2591 702 2666 intmperansia:
728 2607 796 2647 nam
821 2588 905 2648 facile
926 2595 1043 2665 poterat
1066 2588 1114 2648 rel

161 2702 279 2754 amum
293 2693 325 2753 in
338 2712 462 2753 somnum
471 2693 555 2782 abire
567 2692 615 2753 vel
627 2701 763 2771 sumptum
774 2691 807 2750 in
819 2709 970 2768 eompassus.
