2566 4214
626 734 697 801 III.

276 905 573 986 FASOIOULUS
602 909 1006 992 EMENDATIONUM

387 1103 433 1163 ΙΝ
453 1101 698 1163 SCRIPTORES
717 1105 880 1168 vanos.

565 1323 712 1354 ——4—

383 1505 534 1564 enssnn
550 1477 614 1565 nn
629 1510 669 1565 Β.
691 1511 727 1566 o.
745 1525 798 1565 vn.
817 1509 879 1566 oa:

161 1651 185 1686 “
196 1639 307 1708 Irsuu
322 1653 389 1710 erat
400 1644 595 1730 oppidumin
609 1646 689 1712 colle
700 1669 833 1725 summo,
846 1644 1017 1712 admodum
1026 1645 1112 1712 edito

159 1752 240 1832 loco,
260 1763 298 1820 ut
315 1754 376 1820 nisi
394 1755 556 1824 obsidione
580 1757 755 1844 expugnari
773 1779 865 1844 posse
887 1756 972 1823 non*
991 1754 1113 1824 videre·

160 1861 246 1928 tur?

196 1993 246 2054 Ex
258 1994 339 2053 codd.
353 1993 436 2052 Harl.
449 1995 557 2066 tribus,
573 2015 645 2072 quos
659 1997 820 2073 suspicione
829 2005 927 2055 molus
940 1997 971 2055 in
984 1996 1114 2070 hocloco

157 2097 281 2174 inspexi,
296 2095 354 2154 duo
368 2113 528 2172 conpone:
547 2106 579 2156 at
592 2117 672 2156 unus
686 2095 800 2177 (4106.)
810 2099 875 2156 uei
886 2139 894 2157 .
907 2139 915 2158 .
929 2141 937 2158 .
951 2117 1008 2156 non
1020 2118 1063 2171 v.‚·
1082 2099 1115 2158 in

157 2213 216 2273 quo
229 2195 313 2254 facile
325 2195 399 2254 mihi
411 2198 580 2273 persuadeo,
604 2199 767 2268 librarium,
789 2218 881 2274 quum
901 2198 934 2256 in
953 2198 1113 2276 exemplari

156 2297 267 2374 legeret
288 2308 319 2357 ut
340 2300 398 2356 nisi
417 2299 470 2357 oba.
492 2318 551 2374 cop.
570 2318 602 2376 p.
622 2319 657 2368 u,
686 2300 791 2357 omissa
811 2299 936 2376 negandi
959 2299 1113 2378 particulo,

156 2403 262 2480 utique
275 2401 306 2457 τὸ
319 2405 377 2462 nbi
386 2404 426 2482 (si
439 2401 511 2480 quid
524 2404 602 2461 forte
616 2405 658 2461 ita
670 2403 837 2482 proficeret)
850 2405 883 2461 in
895 2405 959 2465 si..
974 2445 981 2464 .
995 2423 1054 2463 nou
1066 2422 1112 2464 re·

156 2503 282 2566 solvisse.
320 2504 398 2563 Vide
410 2523 498 2583 supra
511 2503 547 2561 ad
562 2503 621 2564 (lic.
636 2505 677 2561 ad
687 2504 769 2562 Fam.
783 2504 824 2562 iii.
838 2504 865 2570 7.
880 2508 908 2566 2.

451 2666 553 2721 IDEM
570 2666 633 2724 DE
649 2667 686 2721 B.
709 2666 740 2721 0.
757 2681 777 2720 1.
797 2667 821 2721 1.

203 2811 226 2847 ‘⁴
240 2801 399 2870 Referunt
412 2802 556 2869 consules
571 2803 611 2868 de
624 2802 785 2890 republica
798 2802 832 2868 in
846 2803 1025 2871 civitate*.”

195 2937 273 3014 Lego
286 2937 317 2994 in
336 2937 478 3006 Victoriae,
493 2955 530 2994 sc.
544 2934 621 3006 aede,
635 2944 705 2994 nota
717 2935 820 3013 ellipsi.
860 2938 1001 2996 Poterant
1013 2946 1111 2998 autem

156 3039 288 3098 consules
305 3057 338 3096 eo
358 3037 543 3114 potissimum
556 3037 660 3094 ominis
673 3056 759 3094 causa
776 3045 909 3096 senatum
922 3038 1066 3110 advocare,
1080 3049 1112 3100 et

156 3137 275 3214 quidem
288 3137 412 3215 duplicis
433 3135 537 3194 ominis
558 3155 653 3206 causa,
677 3136 703 3194 si
722 3136 755 3193 in
775 3156 838 3195 eam
850 3137 999 3197 Victoriae
1011 3137 1111 3198 eedem

156 3239 296 3300 advocare
307 3239 477 3309 voluissent,
493 3257 580 3314 quam
589 3239 641 3298 Cn.
652 3238 808 3314 Pompeius
822 3237 1011 3308 dedicaverat,
1023 3259 1110 3316 quem

155 3341 260 3417 utique
269 3339 331 3415 jam
343 3347 409 3396 tum
422 3357 521 3396 omnes
533 3337 613 3395 haud
625 3337 715 3396 dubie
727 3338 798 3396 belli
810 3336 914 3396 ducem
927 3340 1109 3416 spectabant:

156 3442 192 3502 de
215 3460 273 3520 qua
297 3441 410 3499 Gellius
423 3460 451 3499 x.
469 3444 492 3498 l.
507 3443 534 3504 7.
575 3441 656 3518 Ergo
677 3441 820 3518 scriptum
843 3441 940 3499 fuerat
962 3459 1014 3518 per
1033 3460 1108 3502 com·

156 3555 295 3632 pendium
307 3543 411 3627 cinon
430 3553 541 3624 deinde,
562 3555 657 3632 prima
676 3555 788 3633 syllaba
800 3554 922 3625 inversa,
935 3555 1045 3614 factum
1065 3565 1110 3616 eac

156 3656 249 3745 aaa}
262 3669 390 3731 civitate
412 3668 457 3728 cf.
471 3668 530 3728 Cic
543 3669 583 3728 ad
594 3668 676 3728 Fara
686 3667 748 3728 viii.
761 3670 791 3726 4.
803 3668 841 3742 4„
857 3673 876 3704 “
884 3687 976 3745 quum
991 3679 1108 3732 senatus
