2566 4214
174 331 208 388 ls
387 330 431 391 IN
451 333 707 395 FRAGMENTA
726 337 790 396 DE
807 337 926 401 FATO.

172 493 365 559 connexione
378 496 418 560 ab
437 495 627 564 immutabili
645 500 831 568 aeternitate
850 505 1118 571 continebantur?

172 601 256 666 Mihi
271 603 399 687 quidem
419 607 609 691 expendenti
628 619 725 694 atque
739 612 925 690 aestimanti,
941 614 1020 699 quid
1034 616 1120 700 quis·

171 734 234 797 que
244 711 497 800 habeatprcprii,
513 717 591 801 quid
602 741 672 804 exp.
691 765 699 782 .
716 720 743 783 .'’

207 845 244 927 (¹)
272 849 340 910 Vide
361 852 428 926 quid
447 849 537 930 apae]
567 848 614 908 En
635 853 750 910 auctius
771 852 968 929 fragmentum
986 856 1118 933 legimus,

169 952 246 1026 quod
257 953 319 1028 jam
332 955 409 1032 apud
422 954 603 1012 Macrobium
621 961 732 1022 exstet3
752 953 782 1010 id
796 955 874 1030 quod
891 976 949 1013 non
963 958 1054 1034 magis
1066 959 1120 1014 mi.
1245 987 1249 994 .

168 1073 236 1120 rum
249 1063 293 1112 est
305 1075 400 1132 neque
412 1055 502 1130 magis
514 1054 704 1130 suspicionem
714 1056 887 1130 cujusquam
896 1056 982 1115 debet
994 1078 1117 1131 movere,

169 1174 255 1229 quam
270 1156 348 1232 quod
361 1157 488 1233 plurima
505 1156 650 1212 librorum
665 1155 698 1212 de
713 1155 862 1231 Republica
879 1158 941 1216 loca
962 1160 994 1217 in
1017 1161 1119 1236 palim-

168 1259 272 1333 psestis
285 1258 436 1316 Vaticanis
449 1256 637 1333 reperiuntur
657 1256 796 1326 auctiora,
814 1276 888 1332 quae
897 1259 959 1333 jam
972 1259 1049 1335 apud
1060 1260 1089 1317 N
1090 1279 1120 1317 o-

166 1359 249 1415 nium
262 1366 293 1416 et
306 1357 376 1416 alios
388 1343 540 1432 leguntur.

207 1455 243 1536 (²)
264 1455 400 1536 caruere]
422 1457 562 1536 Suspecta
581 1455 655 1513 mihi
665 1455 831 1514 terminatio
841 1455 911 1514 haec
930 1458 1052 1534 perfecti
1071 1459 1121 1538 (de

167 1585 226 1642 quc
248 1585 317 1624 mox
339 1565 376 1624 ad
402 1564 609 1624 Ciceronianam
635 1575 769 1620 nostrum
790 1557 805 1640 ξ
829 1559 921 1636 137.);
950 1569 980 1618 et
1005 1562 1122 1621 credere

167 1671 252 1729 lubet
269 1689 323 1747 pro
342 1687 454 1729 caruem
474 1687 512 1727 cn
532 1668 637 1742 utique
653 1673 830 1741 caruerunt-e
843 1663 940 1722 codice
957 1664 1119 1726 eruendum

166 1774 265 1832 fuisse.

205 1870 242 1952 (³)
253 1873 358 1930 etncn*
373 1889 431 1928 unc
441 1867 625 1946 connexione]
647 1869 696 1928 Sic
709 1869 899 1946 expleverim:
922 1875 941 1904 “
949 1879 979 1928 et
992 1890 1050 1928 non
1063 1889 1120 1929 unc

166 1993 254 2032 aecum
261 1973 357 2048 plnres
369 1971 490 2029 babituri
503 1972 630 2029 convivas
642 1989 702 2026 una
714 1970 892 2028 connexione
904 1973 972 2028 -.”

205 2069 241 2152 (⁴)
261 2068 447 2151 occassione]
462 2071 591 2130 Accedat
601 2078 630 2129 et
643 2069 697 2128 hoo
706 2069 792 2128 semel
805 2069 901 2143 dictis,
916 2071 1025 2146 quibus
1044 2071 1120 2130 liber
1244 2061 1249 2074 ¹

165 2175 213 2232 hic
226 2174 365 2233 abundat.

206 2277 242 2354 (⁵)
262 2276 422 2352 expendenti
430 2285 510 2352 atque
521 2271 701 2352 aestimandi]
722 2274 792 2332 vid.
805 2274 900 2334 Nizol.

204 2377 241 2456 (ὃ)
261 2377 331 2452 qaid
349 2377 462 2452 quicque
480 2375 575 2434 babeat
591 2372 727 2452 proprii]
750 2374 794 2432 (is.
816 2375 849 2432 de
865 2374 919 2451 Off
938 2375 958 2433 i.
980 2378 1026 2435 31.
1043 2379 1116 2446 113,

167 2478 346 2552 “expendere
359 2476 514 2552 oportebit,
529 2476 599 2550 quid
611 2477 722 2550 quisque
734 2473 829 2532 babent
841 2477 912 2532 scii*

146 2595 150 2604 ·
205 2574 242 2654 (⁷)
263 2574 333 2650 qnid
351 2569 481 2650 exp...]
510 2573 602 2630 Puta:
624 2571 725 2648 “quid
746 2574 872 2647 expressi
891 2576 1041 2634 meusim
1066 2596 1117 2634 nc·

165 2687 244 2735 torae
257 2684 336 2750 atquc
348 2674 442 2743 couci,
457 2674 525 2729 -.”

211 2803 242 2862 3.
267 2796 373 2861 “satis
388 2804 455 2860 erat
469 2794 546 2859 dici:
571 2791 876 2879 Byrsafundabitur.
921 2793 963 2860 Id
977 2795 1060 2862 enim
1082 2798 1116 2862 in

165 2903 249 2982 fatis,
262 2913 301 2968 ut
311 2901 410 2981 aiunt,
422 2901 547 2968 fuisset:
563 2901 733 2986 quassata,
747 2899 871 2966 Ennius
879 2901 993 2988 inquit,
1010 2905 1117 2970 Deum

168 3035 223 3078 ren
247 3025 324 3078 nutu
340 3015 485 3097 partitur
507 3020 585 3076 such
630 3009 728 3093 Quod
742 3033 816 3076 vero
841 3021 965 3078 mutato
990 3015 1117 3083 nomine

167 3121 338 3188 evertenda
361 3119 492 3186 firisset*
524 3119 572 3210 [id
593 3119 663 3184 fieri
677 3119 820 3216 debuisse
838 3119 929 3187 facile
952 3123 1117 3209 putabitur

167 3229 233 3316 ex2]
251 3229 449 3295 cohaerentia
458 3251 632 3306 causarum,
647 3228 752 3317 [queis
767 3228 960 3317 Karthagd]
977 3232 1018 3297 ad
1029 3255 1118 3299 occa

168 3359 239 3401 sum
252 3335 479 3422 interitumque
496 3335 702 3420 redigeretur,
717 3337 806 3424 [mox
820 3337 970 3404 etiamad
983 3339 1114 3427 ipsum2]

169 3445 320 3535 exit[ium
346 3453 380 3511 et
411 3443 619 3531 eversionem]
647 3444 819 3531 pertinacia
855 3446 1044 3532 populorum
1082 3460 1117 3540 et

170 3554 248 3620 belli
264 3597 273 3618 .
289 3599 299 3618 .
316 3553 343 3619 .'’

207 3685 319 3765 (¹)sata
332 3685 422 3746 Deum
434 3705 484 3746 rex
503 3685 706 3762 occupantur
727 3687 799 3762 suu]
821 3685 973 3760 Tenemus
994 3687 1025 3747 id
1043 3691 1120 3766 ΨΜ
