2566 4214
359 349 406 410 IN
424 349 681 409 FRAGMENTA
700 349 763 408 DE
781 349 903 411 Fero.
1073 348 1110 413 17

158 533 225 574 nem
235 513 345 592 legitur
349 515 483 590 pituitam
486 539 498 588 ,·
510 534 563 574 neo
572 515 681 572 mirum
689 522 793 584 tamen,
804 515 837 584 si,
848 514 1018 592 fragmentis
1026 516 1109 573 novis

157 617 383 692 emergentibus,
408 617 495 674 etiam
520 616 661 674 vocabula
683 617 803 692 aliquot,
831 635 957 692 quorum
980 616 1112 692 exempla

159 715 243 776 nulla
255 716 376 774 antehac
389 717 567 787 exstiterint,
582 725 747 792 emergunt.
789 717 869 786 Quae
883 719 1002 794 quidem
1012 719 1108 776 obser-

157 817 238 876 vatio
258 825 357 896 potest
379 819 467 876 etiam
480 818 516 876 ad
537 819 593 876 alia
611 838 704 894 pauca
722 820 754 876 in
767 817 813 876 his
826 819 997 895 fragmentis
1016 828 1111 880 trans·

30 991 34 998 .
158 917 238 977 ferri.
273 917 340 975 Non
353 918 423 975 alibi
436 917 513 994 apud
532 918 698 976 Ciceronem
717 919 827 995 legitur
835 918 978 994 placitum.
1012 918 1112 989 Quid?

163 1037 253 1098 quam
265 1019 370 1089 multa,
389 1037 502 1094 quaeso,
526 1019 557 1076 in
576 1019 640 1094 ipso
661 1019 740 1078 edito
759 1021 836 1078 libro
858 1021 891 1078 de
908 1020 982 1079 Fato
1002 1023 1111 1098 reperi-

159 1128 263 1192 untur,
285 1139 359 1196 quae
379 1139 525 1196 nusquam
545 1119 616 1178 alibi
639 1119 716 1197 apud
735 1121 902 1179 Ciceronem
926 1119 1062 1180 exstent?
1076 1133 1113 1180 ut

157 1219 269 1292 bardus,
280 1221 433 1298 consocialis,
443 1230 566 1291 consere,
580 1231 708 1292 contecto,
725 1223 862 1293 edomitus,
877 1223 1024 1300 efficienter,
1033 1244 1112 1302 prur-

157 1330 242 1394 snior,
263 1321 472 1392 immutabilitas,
487 1321 673 1391 inenodabilis,
688 1322 853 1394 mulierosus,
878 1325 1025 1396 obturatus,
1034 1327 1112 1402 pito

158 1423 252 1492 inne,
260 1421 438 1498 principatu,
458 1421 601 1481 denonis·
642 1423 731 1493 Haec,
756 1425 866 1501 opinor,
886 1445 1030 1503 nusquam
1043 1427 1114 1484 alibi

158 1521 237 1600 apud
256 1523 422 1580 Ciceronem
437 1522 587 1598 leguntur.
627 1523 695 1581 Non
708 1523 778 1582 adeo
791 1524 899 1582 mirum
913 1535 957 1584 est
969 1527 1072 1602 igitur,
1088 1528 1113 1584 ei

158 1641 248 1682 novae
266 1623 497 1700 fragmentorum
516 1623 689 1682 accessiones
708 1625 796 1684 etiam
809 1627 896 1684 semel
908 1626 1054 1686 dictorum
1067 1647 1114 1686 co-

120 1747 124 1758 *
158 1726 237 1806 piam
249 1728 435 1803 aliquantum
448 1727 603 1804 adaugent.
642 1737 644 1743 '

198 1849 239 1929 (θ)
244 1850 318 1927 fides
330 1859 367 1908 eet
376 1847 442 1928 -.-.]
456 1849 486 1908 N
486 1869 524 1907 on
536 1849 644 1908 desunt
656 1849 735 1926 apud
749 1850 807 1910 cie
822 1852 980 1911 accusativi
992 1853 1110 1931 quidem

151 1952 238 2028 fidem
251 1953 392 2028 exempla,
415 1971 507 2028 quum
528 1951 694 2010 infinitivus
713 1953 877 2029 objectivus
897 1953 937 2011 sit
950 1974 988 2013 ex
1003 1975 1036 2014 eo
1050 1974 1112 2013 sus-

28 2067 32 2080 *
157 2073 281 2132 pensus;
300 2054 473 2112 nominativi
494 2073 562 2111 cum
582 2055 671 2112 verbo
692 2055 876 2113 substantivo
896 2056 1062 2133 exemplum
1081 2058 1114 2114 in

158 2155 257 2215 eodem
270 2174 328 2213 usu
341 2154 427 2213 credo
440 2155 557 2212 nullum
570 2173 640 2213 esse.
668 2152 735 2224 Sed,
750 2156 774 2213 si
786 2157 929 2214 vocabula
935 2177 1010 2216 nova
1019 2159 1113 2216 mults

158 2257 190 2314 in
202 2253 282 2314 hunc
294 2256 405 2313 librum
425 2255 539 2326 intulit,
561 2263 598 2312 ut
610 2255 688 2324 fecit,
709 2255 817 2332 potuit,
838 2257 948 2333 opinor,
970 2257 1057 2316 etiam
1069 2259 1112 2316 di-

158 2355 243 2418 cenet
254 2355 374 2414 modum
387 2356 511 2432 quadam
524 2375 562 2415 ex
574 2364 658 2434 parte
670 2355 847 2415 inusitatum
859 2357 976 2417 inferre.

197 2477 236 2557 (⁴)
244 2475 424 2556 prorumpet]
436 2479 548 2555 Nempe
560 2478 712 2554 tantisper,
724 2479 835 2555 opinor,
850 2479 921 2537 dum
938 2481 1049 2557 aliquid
1062 2500 1112 2540 ex-

158 2579 274 2656 cogitet,
289 2579 368 2654 quod
379 2579 458 2638 inter
468 2579 695 2656 intelligentiam
709 2597 792 2636 auam
805 2589 835 2638 et
847 2579 931 2656 vulgi
943 2581 1112 2641 tarditatem

157 2676 267 2756 ingenii
280 2681 363 2756 quasi
374 2681 564 2740 intervallum
582 2679 701 2755 aliquod
717 2679 893 2758 interponat.
932 2681 1113 2760 Interpretor

157 2791 277 2860 propter
289 2782 387 2840 virum
410 2781 563 2858 quemdam
582 2779 820 2860 hypercriticum,
842 2784 893 2859 qui
906 2785 994 2842 etiam
1006 2784 1039 2842 in
1057 2783 1113 2842 hoc

157 2883 298 2942 vocabulo
311 2902 426 2940 causam
436 2881 613 2958 quaesiverit
625 2882 828 2955 calumniandi,
843 2885 926 2960 quasi
938 2905 991 2965 pro
1004 2885 1112 2964 aliqua-

158 2991 233 3043 enus
245 2991 320 3043 esset
332 2983 470 3060 positum.

203 3132 236 3193 2.
259 3123 382 3192 “Vide
396 3124 475 3210 quid
498 3149 588 3213 agam
611 3126 771 3213 acipenser
788 3125 849 3193 iste
871 3129 1111 3214 paucorumho-

159 3236 282 3302 minum
292 3245 350 3300 est.
386 3235 524 3318 Quaeso,
535 3237 620 3322 quod
633 3237 753 3303 exclusi
763 3237 899 3305 triclinio
913 3239 1019 3325 plures
1029 3243 1111 3308 ecci-

158 3344 298 3434 penseris
312 3343 432 3410 deliciis
450 3365 587 3424 caruere,
607 3369 648 3411 an
662 3346 711 3412 vis
724 3346 909 3412 immutatae
923 3348 1107 3428 voluntatis,

158 3475 240 3540 quae
253 3451 349 3538 plaga
362 3451 546 3519 Democrito
561 3462 619 3532 est,
633 3453 737 3519 effecit
751 3477 791 3520 ex
805 3476 843 3520 eo
853 3455 940 3540 quod
953 3455 988 3521 in
1001 3479 1109 3522 aurem

160 3559 316 3648 Scipionis
333 3558 499 3626 instillavit
518 3561 680 3628 Pontius?
701 3585 742 3627 an
760 3562 920 3648 acipenser
938 3563 1108 3650 capiendus

158 3679 192 3738 et
208 3667 314 3756 Scipio
336 3677 371 3736 et
393 3666 528 3736 Pontius
543 3678 577 3736 et
599 3669 761 3738 coenaturi
783 3670 877 3736 simul
898 3681 932 3738 et
945 3671 1029 3740 nou*
1043 3695 1107 3738 una

580 3796 600 3843 n
616 3780 635 3842 2
