2566 4214
640 824 668 888 I.

283 1001 656 1078 EMENDATIONES
684 999 977 1076 NONNULLAE

372 1190 417 1248 nr
437 1188 656 1248 nmsronrs
679 1187 891 1247 cronnoms

161 1379 250 1435 QUAE
266 1378 352 1428 SUNT
369 1379 419 1426 AD
436 1376 652 1425 FAMILIARES
665 1375 707 1424 ET
723 1377 770 1424 AD
786 1375 959 1424 Arrlcvor
972 1377 1097 1428 Mlsssn

537 1610 708 1642 --§-—

295 1811 317 1864 Ι,
336 1810 379 1864 ΙΝ
397 1809 603 1866 EPISTOLAS
621 1811 680 1866 AD
699 1810 967 1866 FAMILIARES.

157 1947 226 2012 III.
251 1949 281 2014 7.
297 1953 343 2012 2..
368 1955 498 2032 “quum
512 1971 573 2036 ego
596 1969 782 2035 cognoscere
797 1971 860 2012 non
869 1950 1020 2031 possm,
1044 1951 1103 2016 nisi

26 2097 30 2112 ·
156 2079 255 2143 quum
268 2057 340 2119 -.''

193 2193 240 2250 Ex
254 2190 455 2268 supplemento
469 2199 514 2248 est
523 2208 636 2264 passara-
677 2190 822 2247 Fortasse:
843 2207 927 2264 qcam
937 2209 982 2266 epo
995 2209 1101 2268 coprica-

155 2312 248 2363 cercrn,
258 2295 315 2351 nisi
327 2315 382 2360 -;
401 2291 542 2348 nimirum
549 2299 585 2348 ut
596 2291 654 2348 arsi
661 2291 762 2368 sitpro
775 2307 830 2348 nors
842 2291 912 2349 nisi:
925 2291 991 2350 vide
1004 2313 1055 2350 nos
1065 2295 1102 2351 ad

153 2394 273 2452 Sallust.
291 2394 359 2468 ch.
374 2396 422 2453 54.
443 2401 473 2450 et
495 2395 551 2460 83„
573 2391 609 2448 ad
623 2392 681 2449 Cic.
695 2392 728 2449 de
739 2391 808 2448 Nat.
829 2391 913 2449 Deor.
931 2392 950 2451 i.
965 2397 1010 2452 33.
1025 2405 1100 2453 extr.

153 2493 218 2563 Sed,
232 2493 307 2550 hanc
315 2501 493 2550 structuram
508 2491 560 2567 qui
570 2499 721 2560 tueantur,
731 2491 866 2566 quoniam
877 2491 933 2548 Vir
946 2493 1099 2569 Egregius,

151 2594 234 2653 Ferd.
252 2594 388 2651 Handius
403 2592 517 2650 Turseli.
530 2591 586 2648 vol.
601 2608 643 2650 ιν.
655 2610 684 2668 p.
699 2593 766 2650 253.
786 2591 838 2648 vix
857 2595 1100 2670 operaepretium

151 2718 212 2757 esse
232 2699 305 2756 dicit
327 2716 428 2756 eorum
451 2697 580 2754 refutare
603 2695 774 2772 opinionem,
801 2696 885 2755 lubet
904 2696 985 2766 mihi,
1012 2700 1100 2757 etiam

150 2800 237 2877 paulo
250 2799 419 2857 recentioris
432 2797 602 2856 Latinitatis
613 2797 752 2874 exemplis
765 2798 875 2874 positis,
889 2796 998 2867 docere,
1012 2819 1099 2876 quam

151 2902 190 2958 sit
211 2901 243 2956 in
264 2899 389 2976 proclivi
410 2899 442 2956 in
460 2898 541 2955 hunc
559 2898 697 2974 loquendi
715 2897 835 2956 modum
853 2899 1009 2958 incurrere.
1048 2902 1097 2960 Sic

150 3003 243 3078 igitur
256 3001 364 3057 Petrus
376 2999 428 3056 ille
441 2998 603 3077 Alcyonius
616 2999 649 3056 de
660 2999 770 3056 Easilio
780 2998 830 3056 lib.
840 3015 858 3056 1.
869 3018 898 3075 p.
911 3001 967 3068 45„
982 3000 1097 3069 “Quod

149 3102 247 3158 minus
269 3117 351 3175 saepe
370 3099 397 3157 ei
415 3099 501 3156 liceat
523 3098 667 3175 Legatum
686 3099 877 3158 Avunculum
899 3100 1095 3177 disputantem

149 3199 259 3268 audire,
268 3198 304 3257 de
314 3217 373 3274 quo
380 3206 459 3256 certe
471 3198 654 3274 potissimum
663 3217 696 3256 ea
708 3198 831 3268 audiret,
841 3218 913 3274 quae
926 3201 983 3258 csst'
994 3203 1030 3261 de
1042 3205 1094 3262 illo

148 3300 211 3374 ipso
224 3285 320 3356 audiri
333 3297 473 3374 possint.”
513 3297 642 3356 Ubertus
656 3297 767 3356 Folieta
785 3298 956 3374 deLiapuce
974 3300 1094 3362 Lucae

155 3399 215 3457 Usa
226 3397 445 3466 etPraestccta'a,
459 3396 491 3453 in
500 3395 632 3472 Epistola
643 3416 671 3473 p.
686 3400 721 3467 8.,
744 3397 848 3456 “Nam
861 3398 952 3474 gloria
964 3419 1004 3470 ea,
1020 3420 1093 3476 quae

147 3520 164 3556 a
183 3518 251 3558 suae
263 3498 366 3557 aetatis
377 3497 544 3556 hominibus
565 3507 706 3574 speratur,
722 3497 836 3556 minimi
848 3499 986 3558 momenti
998 3501 1091 3561 instar

147 3619 208 3658 esse
232 3599 326 3669 debat,
354 3615 448 3674 neque
473 3597 510 3656 de
535 3615 568 3656 ea
593 3616 764 3674 magnopere
789 3599 943 3676 scriptores
961 3600 1091 3661 laborare

146 3708 269 3781 oportet,
279 3700 386 3778 quippe
396 3717 469 3777 quae
482 3699 539 3758 arii
549 3699 673 3776 maligne
682 3709 712 3759 et
723 3700 761 3760 ab
773 3699 874 3759 invitis
886 3701 946 3760 sere
959 3719 1090 3780 expressa

590 3816 611 3860 s
627 3800 646 3862 2
