2566 4214
165 354 201 408 10
439 353 483 410 IN
506 352 656 411 EPISTT.
677 355 737 411 AD
757 352 846 411 ATT.

329 641 367 695 IL
386 641 430 695 IN
447 642 653 698 EPISTOLAS
671 645 731 698 AD
750 643 955 700 ATTIOUM.

211 774 240 837 Ι.
262 782 294 840 5.
310 783 341 841 8.
366 786 387 817 “
399 777 549 842 Terentia
559 801 690 865 magnos
705 779 910 844 articulorum
924 779 1047 844 dolores
1064 779 1119 844 ha·

167 883 223 946 bet
238 882 290 947 et*
305 893 339 949 te
350 893 383 948 et
398 907 535 950 sororem
550 895 638 950 tuam
649 896 682 950 et
690 895 824 950 matrem
837 887 972 950 maxime
987 885 1119 972 diligit?

206 1012 281 1071 Mira
292 1015 435 1088 junctura
448 1035 556 1086 rerum,
571 1015 673 1073 dolores
682 1015 817 1074 habetet.
833 1059 840 1073 .
855 1060 862 1073 .
878 1015 985 1092 diliqit!
1020 1015 1121 1072 Scribe

171 1114 295 1172 Terentia
318 1115 443 1194 (mopsos
462 1135 489 1173 a.
507 1115 639 1193 1110111)
660 1125 683 1173 et
701 1126 724 1174 tc
743 1125 786 1174 et.
803 1159 809 1172 .
826 1159 832 1173 .
847 1117 942 1191 diluit.
984 1116 1121 1173 Ceterum

169 1216 205 1274 de
217 1216 383 1294 parenthesi
396 1217 568 1293 abruptiori,
583 1218 666 1293 qussi
679 1226 767 1274 autem
780 1218 924 1294 particula
937 1217 1048 1285 omissa,
1069 1235 1121 1272 nos

170 1319 207 1376 od
223 1317 282 1377 eac.
297 1317 340 1375 M.
356 1315 400 1375 16.
415 1316 462 1376 56.
477 1338 506 1376 n.
521 1316 566 1380 37.

213 1526 256 1534 -
274 1487 322 1550 19.
339 1485 369 1544 2.
387 1490 409 1521 “
419 1481 533 1568 Atque
547 1481 581 1545 in
594 1504 628 1546 re
637 1481 762 1566 publicu
770 1505 855 1548 nunc
870 1482 1018 1567 quidem*
1030 1504 1118 1544 max-

169 1591 232 1654 ime
248 1588 363 1655 Gallioi
377 1589 452 1654 belli
466 1599 608 1655 versatur
623 1590 755 1656 metus.’'

208 1725 343 1782 Fortasse
356 1743 430 1783 cunc
442 1743 526 1800 quum
538 1727 663 1785 maxime
703 1727 772 1784 Vid.
787 1726 882 1784 Hand.
897 1725 952 1784 III.
966 1725 1033 1786 602.

214 1889 299 1953 Ibid.
324 1887 443 1951 “Nam
467 1887 588 1964 Aedui,
609 1888 721 1953 fratres
744 1887 854 1963 nostri,
878 1896 1037 1972 pugnant3
1064 1885 1119 1952 Se-

171 1997 267 2082 quani
281 1993 439 2082 10111110*
454 1993 666 2082 pugnarunt.'’

208 2128 297 2187 codd.
311 2127 424 2204 aliquot
431 2145 503 2220 puer
515 2127 562 2184 vel
570 2128 655 2202 pueri
665 2127 775 2184 malam.
814 2125 947 2183 Fortasse
960 2145 1049 2200 cuper
1061 2144 1119 2182 mc-

148 2253 149 2256 *
168 2230 224 2287 1011
236 2247 365 2304 pupcam
376 2237 549 2302 pumici-oct.
590 2229 635 2286 De
655 2228 793 2304 loquendi
811 2227 895 2285 modo
917 2225 1121 2284 Ciceronianus

169 2337 268 2386 noster
281 2329 296 2403 ξ
310 2331 375 2386 222.

215 2489 264 2553 ΙΙ.
289 2495 340 2555 21.
355 2496 387 2554 5.
412 2500 433 2530 “
446 2488 545 2571 Quin,
562 2512 661 2573 quum
676 2489 803 2553 comitia
819 2489 852 2553 in
866 2512 1006 2554 mensem
1021 2489 1119 2556 Octo-

170 2601 259 2664 brem
274 2599 458 2676 distulisset,
477 2645 506 2661 ..
521 2645 529 2661 .
543 2607 670 2684 putarat
682 2597 798 2664 Caesar
809 2599 949 2664 oratione
964 2622 1020 2664 sua
1028 2621 1119 2684 posse

170 2705 290 2790 impelli
304 2706 494 2783 concionem,
511 2717 550 2770 ut
562 2705 623 2769 iret
637 2703 698 2769 ad*
713 2704 895 2770 Bibulum.”
1098 2704 1101 2712 '

210 2837 421 2913 Supplicatum,
445 2838 543 2912 inquit
567 2836 721 2906 Corradus,
742 2845 778 2908 ut
799 2838 915 2894 comitia
935 2837 1036 2894 haberi
1056 2855 1120 2912 per-

169 2941 309 2996 mitteret.
350 2939 459 2997 Ursino
475 2958 543 2996 vero
564 2939 655 3014 magis
676 2938 801 3015 placeret
822 2947 852 2995 ut
872 2939 923 2996 iret
941 2939 971 2996 iu
983 2938 1120 2996 Bibulum.

169 3043 234 3116 Ego
255 3041 439 3098 scribendum
462 3059 575 3098 censeo:
596 3049 625 3097 ct
638 3041 686 3097 iret
704 3059 730 3100 a.
744 3041 770 3098 d.
785 3041 825 3098 ad
836 3040 965 3098 Bibulum
970 3063 981 3110 ;
1000 3039 1122 3096 ieonis

170 3143 247 3210 dem,
263 3161 299 3199 sc.
314 3141 349 3198 ed
360 3160 445 3216 quem
459 3141 551 3198 edicta
564 3141 824 3199 fuissent'comitia.

216 3307 282 3371 IV.
305 3314 336 3372 3.
353 3313 383 3371 2.
408 3306 594 3372 “Desertus
614 3329 632 3370 a
651 3305 736 3370 suis.
754 3353 761 3369 .
779 3354 787 3370 .
802 3328 965 3371 servorum
983 3305 1118 3370 consiliis

172 3417 273 3480 utitur
301 3463 308 3478 .
328 3463 335 3478 .
352 3462 360 3478 .
378 3463 385 3478 .
413 3415 552 3500 Itaque.
570 3397 778 3479 ..insecutus
802 3425 851 3479 est
869 3436 919 3478 me
941 3437 1014 3478 cum
1034 3411 1118 3476 suis*

173 3571 207 3586 ..
226 3571 233 3586 .
250 3523 316 3605 Qui
330 3532 420 3587 erant
442 3544 575 3600 mecum,
600 3521 691 3587 facile
714 3544 823 3608 operas
842 3522 931 3586 aditu
951 3521 1119 3606 prohibue-

171 3630 275 3696 rimi?

209 3759 313 3824 Mirari
322 3761 415 3832 lubet,
428 3762 536 3837 quibus
546 3761 616 3820 haec
629 3761 720 3820 oculis
729 3761 941 3838 omneslegsnt.
963 3759 1047 3830 Nam,
1061 3760 1121 3820 sive
