2566 4214
622 711 672 777 II.

343 923 346 930 ·
404 906 446 962 ΙΝ
463 905 688 962 FRAGMENTA
705 905 885 966 oUAEDAn

221 1062 381 1140 nrum
417 1063 724 1144 orosaours
758 1064 842 1138 os
874 1063 1049 1158 rare,

606 1223 683 1270 aurs,

205 1340 395 1391 INVENTORE
412 1343 439 1391 L.
458 1341 486 1391 O.
496 1339 677 1401 'FERUCOIQ
694 1341 710 1388 J
713 1343 775 1398 Cro,
793 1341 906 1390 NUPER
921 1337 1086 1388 MODENAE

539 1427 640 1476 EDITA
657 1427 749 1487 SUNT,

447 1561 845 1645 osssu‘vlnours

573 1795 710 1824 -φ-

174 1973 201 2070 l..
226 1976 247 2008 ‘⁶
259 1965 386 2032 Fanum
401 1989 468 2032 esse
481 1976 608 2054 nutum¹
631 1967 726 2034 Jovis
748 1967 790 2036 Ο.
814 1967 865 2032 Μ.
890 1922 1126 2053 placitumque2¹
1186 2017 1189 2028 .
1251 2052 1256 2064 ι

168 2076 708 2156 11601111111111111011111111111,11161311113
718 2075 1017 2163 philosophorumet
1027 2075 1118 2161 vulgi

168 2186 352 2252 eommunis.
377 2185 441 2253 Sed
455 2185 530 2270 quia
548 2185 752 2272 philosophus
770 2207 863 2258 nemo
878 2183 930 2250 vel
943 2183 1052 2249 haberi
1066 2183 1129 2248 vel,

168 2294 231 2360 diei
242 2295 332 2373 solet,
344 2295 405 2360 nisi
419 2281 626 2382 parumper‘a
644 2295 742 2382 vulgo
761 2294 923 2372 desciscat,
938 2292 1049 2359 ioeiroo
1070 2291 1118 2358 vi·

170 2426 240 2468 sum
263 2412 312 2467 est
329 2401 489 2467 nonnullis
511 2403 570 2467 fati
591 2403 810 2469 necessitatem
831 2411 888 2466 aut
907 2398 1119 2490 antecessione

170 2536 333 2579 causarum
364 2512 555 2577 naturalium
589 2512 820 2597 quodammodo
855 2487 1128 2584 circumscribere(

170 2630 226 2686 aut
239 2619 360 2686 ratione
371 2621 571 2687 voluntatum
582 2630 678 2706 atque
689 2597 924 2706 appetitionum*
932 2617 1022 2706 varia
1029 2614 1119 2701 quasi

170 2731 291 2796 fulmen
305 2752 323 2795 e
338 2729 425 2796 ooelo
440 2730 624 2796 deducere?
787 2717 788 2722 ¹
1012 2729 1017 2742 '

210 2859 247 2940 (¹)
261 2861 365 2920 Fatum
378 2877 431 2920 asse
446 2869 541 2918 auam
559 2856 615 2938 -]
637 2859 741 2930 Donni,
762 2865 799 2916 ut
819 2857 927 2926 videor,
948 2857 980 2914 in
994 2855 1121 2914 editione

169 2983 233 3021 mea
245 2962 320 3019 nihil
338 2962 370 3018 in
383 2961 526 3039 principio
543 2960 682 3037 prooemii
701 2959 818 3036 quidem
832 2959 938 3016 deesse.
978 2957 1025 3014 En
1041 2975 1121 3014 nuno

170 3064 262 3142 ipsius
275 3063 480 3141 disputationis
493 3063 670 3140 principium
684 3061 831 3119 hebemus.
871 3061 911 3117 Et
924 3058 1122 3135 recipiendum

171 3183 272 3223 censeo
291 3165 488 3240 fragmentum
509 3161 564 3220 hoo
586 3162 618 3218 in
638 3161 770 3218 lacunam
793 3160 874 3217 illam
896 3159 1028 3229 mediam,
1048 3176 1123 3236 quae

171 3263 256 3320 initio
270 3262 372 3338 cepitis
391 3261 473 3320 tertii
492 3261 633 3338 explenda
646 3267 698 3317 est.
737 3255 840 3334 Neque
859 3258 967 3314 mirum
980 3265 1031 3328 est,
1054 3257 1079 3316 si
1091 3257 1123 3314 in

80 3425 84 3432 s
171 3370 270 3421 vetere
283 3363 380 3420 codice
391 3362 455 3438 ipsa
468 3361 628 3438 disputatio
639 3380 655 3417 a
665 3359 809 3437 prooemio
817 3351 989 3435 interposita
1002 3357 1122 3433 inserip-

172 3465 252 3521 tione
265 3463 408 3539 dirempta
420 3463 487 3520 fuit.
528 3463 666 3520 Ceterum
679 3461 715 3522 ad
731 3466 749 3494 “
758 3463 873 3518 aarum
888 3459 992 3518 adhibe
1002 3477 1030 3534 p.
1044 3459 1122 3517 Rosa

173 3563 210 3622 A.
225 3565 273 3622 45.
288 3565 362 3632 131„
377 3562 407 3620 111
418 3561 484 3642 βαι.
499 3561 541 3618 iii
555 3567 581 3626 9.
596 3563 642 3619 21.
656 3560 710 3618 bis.
744 3607 752 3646 ;

213 3683 250 3762 (²)
259 3684 442 3762 plectrumque
453 3685 564 3743 deorum
573 3678 663 3761 imm]
685 3681 760 3740 Sane
769 3700 828 3740 non
838 3681 908 3740 alibi
921 3679 999 3759 apud
1010 3679 1123 3740 Cicero·
