2566 4214
184 339 219 393 12
455 331 501 392 IN
520 329 669 391 EPISTT.
691 331 751 388 AD
770 331 858 390 ΑΤΤ.

183 496 384 574 lescentem*‚
409 505 447 560 ut
470 497 568 572 nosti3
586 505 624 561 et
647 494 738 571 adde,
762 494 788 559 si
808 493 963 580 quidvis,
985 499 1134 582 probum:

186 604 267 668 nihil
280 604 347 672 vidi
361 603 502 668 meliue.”

222 733 425 812 Supplendum
447 751 561 792 censeo:
582 733 769 792 adolescentem
788 731 926 812 [cestum‚
941 730 1070 812 diliges:v
1110 801 1124 814 .
1195 707 1198 716 ,

182 845 214 892 sel
227 837 305 892 nosti.
345 835 388 892 Of.
402 835 440 892 vi.
455 833 481 897 7.
493 837 529 902 2.,
556 839 575 866 “
583 833 668 893 Nihil
681 834 757 891 enim
770 835 821 892 illo
836 835 1013 894 adolescente
1027 838 1137 904 coellus,
1253 825 1259 876 ¹

183 937 260 1012 nihil
281 937 462 1012 ‹llllqeolios''
501 935 538 994 In
553 935 610 994 fine
632 945 730 1008 autem
751 955 805 1012 pro
826 935 921 995 melios
946 937 1045 995 mallet
1072 938 1138 1013 quis

184 1039 280 1114 moyes,
296 1057 335 1095 sc.
348 1039 483 1114 probum.

229 1201 272 1211 -
291 1163 322 1222 3.
342 1163 374 1222 5.
398 1166 420 1197 “
430 1155 537 1222 Video
555 1203 562 1219 .
580 1203 588 1219 .
606 1203 613 1220 .
629 1177 737 1221 omnes
746 1156 920 1234 damnatos,
932 1165 1039 1222 omnes
1047 1159 1138 1245 igno·
1197 1139 1201 1144 ¹
1238 1231 1243 1240 ,

186 1265 284 1330 minis
312 1264 440 1331 effectos
457 1312 465 1327 .
483 1312 490 1328 .
508 1312 516 1328 .
531 1264 603 1330 illac
624 1264 725 1330 facere
742 1312 750 1328 .
768 1312 775 1328 .
793 1313 801 1332 .
817 1289 942 1332 omnem
970 1268 1057 1332 illam
1086 1291 1138 1333 ur-

187 1375 301 1438 banam
312 1395 348 1438 ac
362 1373 518 1458 perditam
532 1373 668 1458 plebem,
686 1420 694 1436 .
712 1419 720 1436 .
737 1420 746 1436 .
762 1375 940 1460 omnesqui
950 1397 1022 1441 aere
1036 1376 1138 1441 alieno

187 1492 372 1568 premantur
388 1529 396 1544 .
414 1529 422 1545 .
439 1504 466 1544 .:
490 1481 635 1546 causam*
652 1482 753 1547 solnm
767 1481 822 1546 illa
836 1505 930 1548 causa
943 1505 1008 1548 non
1021 1484 1137 1561 babet3
1258 1559 1259 1562 Ἴ

188 1591 300 1657 ceteris
315 1592 409 1655 rebus
423 1589 593 1654 abundat.”

226 1723 328 1781 Scribe
350 1740 458 1780 censum
480 1721 576 1791 solum,
597 1721 616 1779 i.
630 1740 654 1779 e.
675 1720 805 1780 homines
826 1722 922 1798 aliquo
946 1743 1042 1782 censu.
1097 1726 1140 1783 Cf.

182 1843 236 1899 pro
249 1823 353 1882 Flacco
368 1826 414 1880 22.
428 1825 485 1891 52„
515 1822 704 1880 “Trallianos
717 1823 883 1882 Maeandrio
896 1844 1011 1884 ceusm
1024 1829 1141 1884 commi-

187 1925 265 1992 sisse,
277 1922 388 1980 homini
399 1923 503 1998 egenti,
516 1921 639 1993 sordido,
651 1922 712 1980 sine
721 1921 837 1992 honore,
848 1923 909 1982 sine
919 1926 1141 1996 existimatione,

188 2025 250 2082 sine
264 2023 373 2081 consol*

232 2190 276 2200 -
295 2151 327 2211 4.
351 2152 378 2209 l.
404 2143 543 2227 “Quem
566 2144 696 2231 quidem
719 2145 854 2232 cognovi
877 2169 976 2232 quum
998 2149 1139 2225 doctum,

190 2257 277 2340 quod
291 2253 369 2320 mihi
379 2254 446 2338 jam
470 2263 543 2317 ante
566 2264 633 2318 erat
650 2263 773 2331 notum,
794 2265 864 2320 tum
884 2256 1059 2333 sanctum*,
1076 2257 1142 2342 ple·
1238 2239 1259 2254 ”

190 2387 269 2430 num
284 2359 388 2440 officii,
406 2361 584 2427 studiosum
599 2363 694 2427 etiam
708 2387 796 2429 meae
810 2364 941 2430 laudis.’'

229 2501 253 2556 E
268 2498 342 2573 conj.
358 2496 487 2568 Manutii
500 2495 611 2553 editum
626 2504 670 2553 est
683 2495 770 2553 hodie
782 2504 839 2553 tom
851 2515 916 2554 sooe
923 2497 1042 2572 plenum.
1071 2497 1146 2554 Mihi

189 2620 259 2696 vero
271 2600 362 2675 magis
375 2598 503 2675 placeret
521 2604 578 2653 lum
597 2605 707 2658 caelum.
729 2615 788 2671 quo
801 2596 940 2652 vocabulo
962 2597 1048 2654 etiam
1063 2597 1145 2653 Tiro-
1205 2640 1216 2696 2
1241 2575 1259 2687 α]

190 2722 256 2760 nem
276 2700 377 2812 landet
394 2699 434 2756 vi
449 2698 476 2761 7.
493 2700 530 2769 2.-,
558 2695 671 2754 “Nihil
684 2697 761 2755 eninr
774 2697 824 2754 illo
838 2695 1017 2755 adolescente
1036 2699 1143 2767 coola,
1203 2687 1254 2826 lies,

189 2802 265 2860 nihil
278 2801 478 2876 diligentius”
1203 2852 1259 2920 &aba

237 2923 320 2987 Ibid.
336 2920 501 2986 continuo:
526 2917 643 3005 “frugi
657 2917 816 2984 hominem
828 2940 874 2995 ac,
887 2940 927 2983 ne
941 2915 1143 2984 libertinum*
1201 2959 1209 3015 q

192 3032 322 3098 laudare
336 3029 453 3106 videar,
470 3028 563 3114 plane
578 3027 682 3093 virum
696 3025 843 3092 bonum.'’

231 3163 366 3220 Fortasse
379 3159 587 3236 supplendum:
608 3177 642 3216 oe
660 3158 813 3215 libertinam
835 3155 909 3235 [non
928 3155 1070 3236 libenter]
1084 3158 1146 3214 loa·
1201 3185 1259 3277 ffips}

192 3265 262 3322 dore
275 3263 379 3321 videor.

237 3423 281 3437 -·-
294 3388 326 3448 5.
343 3388 373 3447 3.
398 3379 503 3468 “Ego
517 3380 551 3445 in
567 3379 786 3448 Tusculanum
795 3379 894 3445 nihil*
907 3379 1050 3446 sanehoc
1064 3391 1145 3445 tene
1199 3306 1259 3500 {Thu

195 3490 301 3579 pore.''
425 3511 427 3515 ’
747 3555 748 3560 ,
994 3579 996 3584 Ι
1190 3466 1259 3607 mm}

234 3601 336 3658 Scribe
348 3600 440 3658 ocellus
451 3617 524 3658 sone
566 3600 609 3660 cf.
623 3619 670 3659 xv.
686 3602 732 3666 29.
747 3595 758 3638 ¹
772 3643 786 3670 .,
808 3600 885 3657 “Ad
897 3599 938 3657 M.
954 3599 1072 3658 Aelium
1086 3599 1145 3657 osel-
1258 3599 1259 3624 ³

190 3703 238 3760 'lae
250 3708 285 3758 tu
299 3694 416 3777 quidem
430 3700 576 3760 domum.”
1212 3701 1236 3724 ⁵*
1254 3685 1259 3746 i
