2566 4214
189 308 225 364 14
459 303 506 362 IN
517 301 670 366 monn.
690 305 753 366 AD
770 307 862 370 Amr.

186 489 331 554 quaeque
345 465 482 536 Caesar*
504 466 639 555 soripait,
662 467 738 552 noio,
760 493 796 541 ro
818 471 878 540 tibi
900 473 1057 560 probabit,
1075 522 1108 540 ..

188 575 369 644 verissime*
383 575 573 662 scripsisse?

223 709 340 770 Delavit
356 707 460 770 owar
481 708 655 770 Sobuotziuo
676 711 714 770 de
734 713 878 774 sententia
900 714 1025 774 Graevii
1064 715 1136 776 For-

183 821 259 871 tasse
280 829 401 888 quaeqae
421 811 592 888 nampio:
612 812 647 874 oi
670 813 713 871 xi·
726 815 754 874 5.
775 818 814 885 3·,
835 814 888 874 xii.
909 817 954 881 19.
975 820 1013 887 2.,
1034 817 1082 877 52.
1096 819 1135 888 2„

183 913 247 972 xiii.
260 915 309 974 50.
325 915 367 984 1.;
379 911 452 972 add.
475 912 586 972 Bakiua
607 914 644 972 od
666 916 700 974 do
718 915 801 992 Leqp.
819 933 848 994 p.
862 918 930 981 489.
969 918 1044 976 Nam
1057 919 1136 995 qnod

182 1015 460 1092 simplaxsoquitur‚
482 1015 600 1074 vidend
617 1017 676 1077 Gna
696 1018 741 1076 Μ.
757 1020 780 1078 l.
795 1021 822 1076 2.
836 1036 864 1076 n.
886 1021 932 1078 11.
971 1020 1031 1077 Pro
1049 1021 1133 1080 vera

180 1117 245 1174 onae
265 1123 365 1176 antem
386 1115 478 1192 raoipi
494 1117 627 1194 oportuit
647 1137 664 1178 e
685 1118 785 1178 oodioa
805 1119 976 1178 Antoniano
989 1119 1133 1190 bellissimo,

181 1215 281 1275 eodem
293 1217 492 1293 spectantibus
505 1216 654 1276 codicibus
673 1217 802 1276 Manutii
815 1227 846 1276 et
859 1219 1036 1295 Malospinae
1049 1218 1135 1298 (adde

181 1318 269 1376 etiam
281 1314 469 1393 Medioenm),
479 1317 666 1378 odanam:
687 1319 724 1378 de
736 1338 794 1396 qna
804 1320 992 1397 corruptione
1004 1319 1133 1397 superla-

182 1418 238 1474 tivi
251 1436 340 1494 supro
352 1418 497 1476 monitum
509 1425 563 1476 aot.

225 1559 295 1626 IX.
316 1564 349 1626 ὅ.
364 1568 393 1630 3.
418 1560 523 1648 “Ego
544 1560 653 1649 igitur,
674 1561 701 1626 oi
723 1561 814 1646 quis*
837 1561 924 1648 apud
944 1561 1130 1638 Homerum,

182 1671 302 1758 quum*
317 1672 347 1738 ei
366 1681 399 1737 et
415 1681 517 1740 motor
538 1681 572 1739 et
594 1671 654 1737 dea
676 1671 818 1750 dixisset,
835 1671 978 1736 ..matri
1000 1671 1068 1759 ipse
1081 1693 1132 1739 ro-

182 1781 320 1868 spondit,
335 1779 408 1844 -.''

219 1914 308 1975 Codd.
321 1914 422 1972 faroni
438 1914 507 1992 qaid
517 1914 671 1975 ...onim
710 1912 789 1990 Ergo
806 1929 860 1970 our
880 1931 938 1970 non
952 1910 1014 1971 sio?
1033 1913 1132 1990 niqai-

179 2019 239 2076 dem
251 2016 330 2092 opod
340 2015 390 2087 H„
404 2016 450 2074 oui
457 2049 506 2074 -.

224 2161 273 2226 X.
294 2165 327 2226 4.
341 2165 384 2226 4:
407 2169 430 2202 ‘⁴
438 2181 480 2226 ne
493 2158 653 2224 fortunam
672 2155 801 2243 quidem
810 2155 921 2242 ipsam,
937 2178 1001 2242 quo
1013 2156 1061 2223 ilii
1073 2157 1131 2226 fio-

68 2304 77 2321 ·
180 2270 388 2351 rentisoima*,
402 2291 461 2335 nos
475 2267 602 2334 duriora
611 2264 784 2333 conflictati
796 2265 969 2332 videmur.”

217 2405 310 2464 Paulo
323 2403 428 2462 durius
440 2421 562 2480 zeugma
573 2400 702 2462 videtur.
740 2399 889 2460 aornos:
909 2419 965 2478 quo
978 2400 1130 2477 imflam-

177 2508 293 2565 tr'omma
303 2512 368 2565 anm
379 2503 431 2562 roi.

222 2691 266 2702 -
281 2647 312 2712 6.
331 2651 360 2710 l.
372 2652 392 2686 ‘⁴
404 2641 629 2728 Quooiroabao
639 2651 715 2710 sunt
723 2642 855 2712 breves:
870 2641 924 2709 ab*
937 2651 1045 2709 tamen
1054 2643 1128 2731 quia

180 2755 368 2822 festinabam
382 2773 531 2840 oramque
545 2751 757 2838 oocupatior.”

218 2887 327 2946 Laxior
340 2885 458 2945 omnino
471 2892 517 2944 est
534 2884 658 2962 oopulao,
674 2903 763 2956 usum
782 2903 809 2962 q.
829 2884 857 2944 d.
871 2885 943 2944 adde
954 2895 1050 2944 tamen
1063 2888 1131 2966 quia

179 3009 235 3048 -ι
255 2987 305 3048 aed
317 2988 361 3046 nil
373 2985 558 3046 mutandum.
591 2985 635 3045 of.
648 2986 689 3044 xi
706 2987 750 3048 17.
766 2987 801 3057 1.,
817 2987 1075 3064 “properantibus
1088 2997 1130 3046 ta·

94 3093 97 3100 “
178 3091 309 3156 bellariis
322 3089 423 3149 alienia
436 3087 511 3146 bano
520 3087 673 3165 epistolam
682 3087 763 3150 dedi:
783 3089 941 3149 oobrevior
954 3091 1130 3168 oot,etquod
1245 3086 1248 3105 ¹

180 3218 259 3259 aram
269 3188 533 3253 missurusmeoo2’

223 3356 267 3371 ..
283 3321 315 3382 8.
331 3315 362 3384 7.
385 3309 479 3376 “nisi
491 3309 639 3376 fortome
656 3309 858 3396 Sardanapali
872 3308 975 3377 vioem
991 3311 1025 3376 in
1038 3311 1127 3379 moo'

181 3424 301 3496 lentulo
323 3420 405 3489 mori
428 3418 524 3488 malla
544 3417 702 3486 oonouoris
722 3441 819 3507 quam
844 3419 956 3488 exsilio
984 3419 1128 3489 Thamia-
