2566 4214
154 353 172 407 8
416 345 461 406 IN
486 348 635 406 EPISTT.
657 347 717 404 AD
737 347 838 404 FAM.

150 514 256 590 pendas
268 532 325 570 non
339 509 493 592 admodum
503 513 617 572 diversa
630 521 733 581 essent,
748 514 839 588 magis
850 513 906 570 sibi
920 513 1030 588 plaeere
1043 512 1105 568 dili-

152 634 226 690 μακε,
242 633 329 690 quam
350 611 513 689 dilipmdus,
536 615 668 691 exempla
682 623 778 670 tamen
800 615 964 672 conserebat
978 613 1107 688 superla-

154 717 223 772 tivi:
252 724 282 772 et
308 715 423 772 facilius
449 715 537 773 etiam
564 723 679 791 poterat
706 715 909 790 compendium
936 713 1108 789 superlativi

154 817 309 890 diliqmtiss.
324 816 371 874 vel
384 815 450 886 -iS.,
474 833 561 892 quam
578 815 737 892 positivum
754 815 875 892 diliqems
897 835 963 872 aum
974 816 1031 872 isto
1044 814 1108 871 dili·

150 918 258 992 9endua
281 917 462 974 commutari.
503 915 605 984 Qualis
619 915 780 991 compendii
788 924 884 973 exstat
897 916 1063 990 exemplum
1076 915 1108 970 in

154 1017 284 1075 Medioeo
294 1037 383 1094 supra
392 1018 433 1075 xi.
447 1019 475 1073 4.
490 1017 528 1086 2.,
543 1015 689 1074 bellicosior.
711 1035 765 1092 pro
787 1016 998 1082 bellicosissimas,
1021 1014 1107 1071 alter·

154 1137 264 1194 umque
276 1119 307 1176 in
322 1119 402 1176 Bosii
423 1115 521 1175 codiee
540 1117 580 1174 ad
596 1115 655 1174 Aa.
669 1133 698 1174 v.
717 1120 761 1175 10.
776 1121 812 1186 3.,
831 1113 923 1174 belliss.
944 1135 997 1193 pro
1010 1115 1107 1172 belliss-

155 1221 215 1288 ime,
236 1220 290 1276 nbi
312 1219 391 1277 Med.
415 1215 496 1287 hellis,
519 1217 598 1294 quod
616 1226 713 1294 potest
727 1217 873 1275 scribendi
888 1217 1007 1274 modum
1026 1215 1111 1274 belliS

154 1321 303 1396 respicere.
343 1320 446 1395 Neque
460 1317 577 1377 aliunde
590 1319 697 1394 pendet
714 1318 953 1375 emendationes
966 1319 1061 1374 inillo
1075 1318 1108 1375 de

159 1423 212 1496 Off.
226 1422 243 1478 i.
258 1420 304 1481 36.
321 1424 395 1490 130.,
418 1427 477 1478 “et
490 1419 667 1477 histrionum
689 1419 824 1476 nonnulli
837 1429 935 1494 gestus
949 1420 1111 1494 ineptissimi

156 1547 214 1584 non
232 1536 336 1584 vacant
358 1526 547 1596 offensione;”
568 1526 621 1583 ubi
641 1545 733 1601 quum
754 1546 792 1584 ex
811 1525 979 1602 compendio
993 1527 1106 1601 ineptis.

157 1628 318 1686 exstitisset
338 1627 451 1703 ineptIa,
466 1635 533 1685 tum
554 1629 714 1686 necessario
730 1627 877 1702 abjectum
891 1636 935 1684 est
954 1628 1106 1703 offensione.

157 1729 347 1804 Eodemquee
360 1729 440 1786 fonte
453 1731 485 1784 in
497 1727 588 1786 Bruta
602 1731 647 1788 35.
664 1732 728 1788 132.
736 1729 891 1805 petendam
901 1711 999 1786 censeo
1013 1747 1107 1785 emen-

156 1829 315 1886 dationem:
336 1827 435 1885 “dam
450 1828 482 1896 Q.
499 1827 643 1886 Catulus.
660 1868 666 1884 .
681 1873 687 1886 .
704 1829 774 1906 (nisi
782 1829 854 1904 quid
866 1830 929 1888 fieri
936 1838 1033 1906 potest
1043 1848 1108 1905 per·

157 1927 274 2001 sectius)
287 1927 509 1984 moditisaimusd’
549 1925 625 1984 Nam
642 1928 772 2004 profecto
788 1928 943 2003 plusquam
957 1929 1107 1986 eruditum

158 2035 274 2102 oportet
287 2045 354 2084 eum
366 2025 464 2095 fuisse,
480 2043 538 2100 qno
551 2025 626 2083 nihil
636 2025 699 2084 fieri
710 2026 841 2103 potuerit
854 2027 1020 2102 perfectius.

202 2229 246 2240 -
260 2229 303 2240 -
319 2197 365 2256 2.:
390 2201 460 2256 “ut
475 2215 547 2257 eum
566 2191 824 2281 [Hammonium]
842 2193 912 2255 -.''

197 2325 393 2384 Liberandum
414 2325 497 2384 uncis
512 2325 713 2383 Hammonium
725 2345 840 2384 censeo:
860 2325 927 2383 vide
946 2324 983 2381 ad
996 2325 1028 2382 de
1040 2325 1106 2380 Dia.

157 2428 186 2484 ii.
201 2431 257 2498 23„
281 2428 338 2485 “Is
350 2436 446 2484 autem
459 2425 546 2510 ques
559 2428 634 2496 -;”
654 2427 726 2484 adde
746 2447 833 2502 supra
849 2430 874 2484 l.
889 2430 926 2495 3.,
943 2433 961 2458 “
972 2427 1003 2484 Is
1015 2427 1107 2502 igitur

157 2530 247 2586 Patro
263 2532 335 2600 -;”
357 2528 439 2586 etad
449 2528 506 2586 Aa.
519 2527 557 2586 vi.
572 2531 599 2586 3.
612 2525 650 2596 6.,
667 2534 685 2561 “
696 2529 727 2585 Ia
740 2529 834 2604 igitur
851 2527 958 2589 Gavius
970 2531 1036 2584 -.”

202 2735 244 2744 -
261 2697 312 2760 29.
330 2693 359 2760 7.
384 2701 405 2733 “
420 2691 455 2758 Si
474 2689 552 2777 quid
570 2691 697 2757 fecerim
713 2739 721 2754 .
739 2739 746 2754 .
764 2737 783 2767 .‚
799 2691 834 2755 id
851 2691 960 2757 fecisse
974 2691 1106 2757 aliorum

159 2804 297 2882 consilio,
311 2804 450 2883 hortatu,
470 2803 671 2870 auctoritate:
695 2806 781 2890 quod
794 2804 908 2870 fuerim
919 2805 1107 2871 moderatior

158 2913 433 2998 temperatiorque,
453 2959 460 2976 .
478 2960 485 2976 .
503 2959 511 2976 .
526 2911 645 2978 idme*
664 2912 793 2980 fecisse*
816 2913 950 2978 maxime
973 2915 1108 2980 auetori-

159 3033 224 3087 tate
240 3021 433 3107 Capitonis.”

195 3154 403 3212 Inooneinnius
416 3162 504 3230 atque
517 3151 607 3212 otiose
620 3154 652 3210 in
667 3155 821 3230 posteriori
834 3156 963 3214 membro
976 3155 1109 3214 additum

157 3264 201 3312 est
212 3274 372 3331 pronomen
384 3273 432 3324 me,
448 3253 526 3332 qnod
539 3255 571 3313 in
590 3255 687 3332 priore
700 3256 838 3314 omissum
852 3265 905 3314 est.
946 3257 1047 3332 Neque
1060 3277 1108 3332 ap-

158 3357 269 3413 tissime
281 3357 313 3412 in
327 3355 425 3414 eodem
438 3355 542 3434 agendi
554 3357 677 3414 verbum
688 3357 776 3414 verbo
796 3357 978 3414 substantivo
991 3376 1107 3434 respon·

157 3457 215 3514 det.
256 3455 336 3532 Ergo
349 3456 471 3517 fortasse
483 3455 669 3516 scribendum
689 3457 720 3514 id
736 3456 850 3532 effecisse
861 3458 978 3514 maxime
991 3457 1107 3514 auctori·

156 3565 236 3614 tatem
251 3555 401 3632 Capitonis.
