2566 4214
367 341 412 400 IN
432 339 690 422 FRAGMENTA
709 339 773 399 DE
790 339 910 400 Fano.
1080 346 1116 407 19

164 507 377 586 apertissimum
388 514 440 576 est,
451 507 640 582 posteriorem
649 514 761 582 partem
771 506 860 562 unius
869 504 1007 583 dactylici
1016 525 1118 565 versus

164 619 194 667 et
206 610 334 685 priorem
347 618 460 685 partem
473 609 601 666 alterius.
626 609 672 665 De
689 608 859 684 pronomine
871 625 919 664 auo
936 616 1033 684 potest
1046 609 1118 667 fort-

164 729 224 767 asse
250 709 389 779 dubitari,
413 709 517 786 poetae
539 709 578 765 sit
604 727 706 766 neone:
737 709 782 765 sin
808 716 860 778 est,
888 710 987 784 potuit
1013 711 1118 786 utique

163 809 311 868 elisionem
323 810 393 886 pati,
410 809 521 888 syllaba
540 809 626 884 longa
645 817 712 866 ante
725 809 853 878 brevem,
878 810 964 884 eujus
980 811 1023 868 rei
1036 830 1073 868 ne
1085 813 1117 868 in

163 910 328 987 Virgiliana
340 909 458 986 quidem
477 909 688 968 versificatione
708 910 838 985 exempla
861 909 974 968 desunt.
1014 911 1117 988 Neque

163 1010 199 1068 de
211 1031 299 1070 versu
313 1011 429 1087 quidem
452 1030 505 1087 ego
528 1029 629 1086 operae
648 1009 776 1085 pretium
799 1010 978 1086 putavissem
990 1031 1115 1082 monere,

163 1113 221 1168 nisi
234 1113 274 1170 V.
289 1113 335 1185 D.‚
351 1111 561 1180 Schneidewin,
580 1111 661 1168 visus
675 1111 731 1168 sibi
754 1120 829 1168 esset
841 1111 888 1169 vel
901 1112 1059 1179 iambicum
1073 1132 1116 1171 se·

163 1214 279 1270 narium
292 1214 339 1272 vel
352 1213 531 1272 trochaicum
544 1211 724 1270 octonarium
738 1211 769 1268 in
782 1211 829 1270 his
843 1231 1004 1288 agnoscere.

203 1311 395 1392 (²)-(²)--(²)
419 1313 537 1371 Mallem
559 1313 613 1370 sio:
636 1311 751 1380 “Quod
771 1332 840 1371 vero
863 1321 977 1371 mutato
1000 1315 1117 1373 nomine

164 1414 317 1472 evertenda
330 1415 442 1483 fuisset,
466 1431 557 1472 evasa
577 1421 615 1471 eat
637 1411 688 1469 illa
706 1413 814 1488 quidem
837 1432 921 1488 quum
934 1413 1117 1472 cohaerentia

124 1499 128 1512 ⁵
163 1531 316 1571 causarum
342 1513 378 1571 ad
401 1532 531 1573 oceasum
557 1511 769 1588 interitumque
791 1512 981 1588 redigeretur,
1006 1523 1118 1589 noyento

163 1615 246 1672 etiam
260 1615 385 1673 exitium
399 1625 429 1672 et
449 1615 625 1674 eversionem
642 1613 802 1691 pertinacia
814 1613 990 1690 populorum
1003 1622 1033 1671 et
1045 1615 1117 1694 belli

163 1715 350 1774 antoanam
1112 1773 1114 1778 .

204 1818 285 1886 Quae
298 1817 426 1893 reliquae
447 1824 518 1876 sunt
538 1815 699 1894 particulae
712 1816 794 1887 duae,
816 1815 869 1875 hae
881 1817 1021 1875 videntur
1033 1837 1116 1894 posse

164 1920 301 1977 nnumin
314 1928 485 1978 contextum
499 1920 584 1990 coire,
599 1919 659 1978 sive
671 1919 772 1996 paucis
781 1919 813 1976 in
826 1919 921 1977 medio
934 1919 1042 1978 additis
1055 1919 1115 1977 sive
1166 1981 1169 1988 ,

164 2021 246 2077 nulla
258 2021 334 2078 facta
354 2021 513 2079 additione:
535 2025 555 2054 “
568 2021 599 2078 Is
613 2021 688 2079 enim
703 2039 756 2096 pro
777 2021 871 2079 salute
891 2020 1001 2097 patriae
1013 2021 1116 2078 futura

164 2121 271 2182 inferos
284 2123 352 2182 uidit
365 2131 389 2182 et
400 2123 489 2181 oedem
502 2131 669 2182 mortuorum
681 2121 813 2198 attigit·'’
