2566 4214
155 299 197 356 2‘l
469 295 797 356 EMENDATIONES

153 462 236 539 (nam
247 459 333 520 litera
352 480 372 519 a
392 465 477 520 extra
494 461 597 520 seriem
620 447 781 539 scripturae
801 458 875 539 cat);
896 460 1001 524 deinde
1012 479 1051 522 ex
1063 481 1109 522 oo·

154 561 219 622 dice
232 562 384 639 Bongarsii
391 569 506 640 recepto
516 563 652 620 macari-it
663 581 717 640 pro
729 571 904 633 conarrana
918 582 956 622 ex
967 563 1032 622 aliis
1045 564 1110 641 qui·

154 661 278 720 busdam
291 662 381 720 omnis
392 678 446 739 pro
458 663 559 732 omnia,
581 671 664 722 totus
684 663 853 722 emendatus
866 663 948 722 locus
968 671 1025 722 ast:
1050 663 1110 734 Quo

147 761 228 839 sacto
254 762 342 820 omnia
370 761 489 822 Graecia
511 771 598 820 erecta
617 807 624 822 .
644 801 652 822 .
671 801 678 822 .
700 763 847 822 concurrit.
895 763 941 822 cf.
968 762 1049 823 xxiv.
1076 765 1109 833 1.,

156 862 293 922 “Omnes
305 863 395 922 ferme
416 864 551 923 Graeciae
564 863 698 923 civitates
710 864 746 923 ad
760 883 839 942 spem
849 864 995 924 libertatis
1008 874 1111 926 creatae

159 1003 185 1022 ..
200 963 621 1042 .inbellumprcrumpuna”
919 971 922 974 '

467 1125 570 1181 IDEM
586 1125 679 1182 IBID.
698 1127 723 1184 9.
743 1127 785 1182 14.

202 1262 375 1329 “Auxilia
393 1287 413 1330 a
435 1263 693 1330 Lacedaemoniis
716 1265 876 1352 perirem
897 1265 1014 1351 quibus
1031 1265 1111 1333 acci·

149 1369 219 1437 ais*
234 1369 349 1436 iterato
362 1371 585 1457 proeliantur?

196 1501 323 1562 Tentant
337 1503 468 1562 Sebisius
478 1513 508 1562 ea
522 1503 687 1564 Scheffcrus
697 1503 812 1580 acceptia
824 1511 855 1562 et
867 1503 974 1576 caedra·
993 1502 1111 1564 frustra

155 1603 258 1664 Scribe
270 1605 368 1682 quibua
380 1607 471 1665 aucti:
491 1606 526 1664 cf.
547 1605 640 1682 hujus
661 1605 712 1664 lib.
726 1625 750 1664 c.
761 1608 798 1674 5.,
821 1605 910 1674 “Qui
924 1604 1112 1664 Lacedaemo·

156 1705 220 1763 nios
243 1707 362 1764 auxiliis
384 1707 547 1783 opibusque
571 1705 608 1764 ad
629 1726 709 1782 spem
722 1705 858 1765 fortunae
881 1707 986 1783 prioris
1008 1707 1111 1765 erexit

156 1804 242 1863 Aucti
253 1806 348 1882 igitur
360 1807 475 1864 viribus
493 1806 696 1864 Alcibiadem.
710 1850 717 1865 .
731 1847 738 1862 .
755 1807 957 1884 oppressere;”
977 1813 1007 1865 et
1020 1826 1072 1867 XX.
1085 1810 1113 1866 5.

157 1903 194 1975 6.,
215 1909 236 1939 “
245 1905 292 1963 Ita
305 1947 312 1963 .
326 1947 334 1964 .
348 1945 355 1964 .
370 1907 490 1966 auxiliis
503 1905 656 1964 Gallorum
678 1915 776 1966 nudus
796 1907 909 1966 bellum
920 1905 1005 1968 velut
1018 1926 1056 1967 cx
1068 1907 1112 1966 in·

157 2016 241 2086 aegro
254 2011 428 2070 restaurat?

486 2171 588 2228 IDEM
605 2185 671 2226 xm.
691 2171 716 2226 6.
736 2171 779 2228 10.

205 2293 226 2327 “
235 2283 396 2363 Perdicca,
408 2286 684 2366 alienatisrebus*,
696 2287 874 2352 Aridaeum
887 2295 921 2353 et
933 2284 1111 2355 Alexandri

161 2393 275 2482 Magni
288 2395 389 2459 filium
398 2394 433 2459 in
447 2395 658 2480 Cappadocia,
670 2417 806 2480 quorum
817 2419 893 2463 orna
906 2395 954 2460 illi
964 2397 1112 2463 mandata

160 2503 273 2581 fixerat,
290 2504 333 2570 dc
345 2527 466 2570 summa
478 2503 554 2570 belli
567 2501 602 2568 in
615 2505 782 2570 consilium
795 2504 956 2572 adhibetl’

199 2635 258 2694 Pro
271 2635 350 2695 sebna
361 2635 429 2694 vult
452 2635 616 2694 Schefferus
634 2635 752 2712 reliquis.
793 2635 912 2694 Mallem
934 2633 1059 2694 alienata
1070 2607 1115 2694 νοᾸ

154 2737 242 2814 miras,
252 2755 355 2813 nempe
362 2755 434 2812 quoe
447 2735 586 2794 beneficio
599 2735 686 2794 divisi
699 2735 815 2812 imperii
824 2735 972 2794 devinctos
983 2736 1040 2794 sibi
1051 2735 1113 2795 fore

160 2849 338 2920 speraverat:
358 2841 422 2916 lege
434 2859 458 2900 c.
471 2842 500 2900 4.
514 2858 610 2916 supra.
650 2839 707 2898 Ins.
719 2840 802 2900 xxiv.
815 2843 850 2912 1.,
873 2847 893 2874 “
902 2839 1115 2900 dissidentibus

161 2942 360 3019 ...reciduafl

339 3103 477 3160 aunan.
496 3101 643 3160 moron
660 3103 723 3159 nx
742 3059 857 3159 cans.
877 3103 918 3158 1.:

206 3231 228 3264 “
242 3221 352 3288 Mores
366 3221 435 3288 viro
454 3221 562 3288 civiles
581 3219 752 3306 lepidique,
768 3221 923 3306 flagrante
936 3217 1023 3286 haud
1043 3239 1111 3286 mc·

159 3331 229 3400 diae
242 3331 368 3397 luxuria
379 3331 591 3416 ludorumque
613 3329 761 3416 cupidine
775 3339 871 3416 atque
886 3328 928 3394 ad
941 3333 1109 3394 somnum'

155 3439 434 3526 intemperantia?

194 3549 269 3612 Jure
280 3551 361 3626 Casp.
371 3549 512 3608 Barthius
520 3545 637 3607 Advcra.
647 3547 697 3606 lib.
707 3563 817 3606 cnxxx.
826 3545 966 3624 (Fiedleri
974 3546 1112 3622 Excerpe

162 3669 221 3728 cap.
236 3655 263 3712 3.
276 3669 342 3730 pag.
358 3649 436 3728 148.)
450 3650 579 3727 quaerit:
601 3647 779 3719 “Quomodo
792 3647 981 3708 somnolentia
993 3645 1110 3724 objicia-
