2566 4214
173 318 191 371 4
258 362 262 371 .
523 317 766 377 PRAEFATIO.

173 486 419 555 commoverunt,
443 479 609 546 nonnullas
634 482 877 549 observationes.
926 483 978 549 De
1003 486 1117 569 quibus

172 608 357 695 fragmentis
371 631 434 673 non
448 631 467 673 a
488 632 539 675 me
552 611 689 676 alienum
709 635 776 678 esse
790 613 933 691 arbitror,
950 616 1028 700 quid
1050 639 1121 680 sen·

173 738 260 814 tiam,
276 737 389 816 dicere,
406 738 483 823 quid
497 739 588 806 facile
602 742 718 826 possim
733 742 774 808 ad
788 742 856 828 ipse
868 744 997 822 tuenda,
1015 767 1119 810 emen-

173 869 285 948 dnndn,
302 870 457 956 explenda
471 871 621 950 conferre,
637 873 780 958 experiri.
815 873 878 940 Sed
889 874 949 940 hoc
962 877 1119 940 monitum

173 989 322 1070 lectorem
336 1003 420 1081 volo,
443 1026 483 1069 ex
496 1003 544 1082 iis,
561 1027 642 1090 quae
657 1005 771 1092 etipse
785 1005 932 1072 inventor
942 1017 975 1072 et
989 1007 1041 1071 alii
1050 1009 1118 1092 jam

173 1135 207 1198 in
219 1135 396 1222 fragmenta
409 1135 486 1202 haec
500 1136 702 1222 scripserunt,
719 1146 752 1201 et
766 1137 894 1221 quidem
904 1137 938 1200 in
951 1148 1118 1222 utramque

173 1275 296 1352 partem
305 1275 339 1330 et
353 1287 411 1351 pro
422 1265 554 1332 veritate
564 1266 704 1352 ipsorum
715 1275 748 1330 et
761 1275 880 1344 contra,
893 1289 957 1332 non
967 1267 1058 1353 plura
1069 1277 1119 1330 me

173 1397 337 1483 accepisse,
351 1420 445 1483 quam
457 1397 618 1484 Philologi
633 1395 908 1484 cantabrigienses
917 1398 950 1461 in
965 1397 1119 1461 Diurnale

175 1551 266 1594 suum
282 1529 351 1616 (pp.
371 1533 441 1606 103,
458 1534 490 1594 4.
505 1539 539 1596 et
553 1531 643 1620 292.)
658 1531 845 1597 retulerunt.

217 1791 365 1878 Denique
379 1792 501 1858 accedit
524 1793 619 1859 etiem
632 1794 666 1860 in
680 1794 757 1860 alios
771 1794 939 1862 nonnullos
954 1793 1120 1880 scriptores

174 1920 340 1986 fasciculus
359 1914 624 2000 emendationum,
641 1945 720 2007 quas
739 1921 795 1987 diu
808 1922 842 1987 in
863 1922 983 1988 scriniis
997 1922 1121 1990 abditas

174 2050 262 2115 nolui
276 2049 344 2134 pati
361 2049 558 2116 intercidere.
602 2049 644 2114 In
666 2050 781 2136 quibus
807 2050 1009 2136 scriptoribus
1032 2053 1121 2138 (nem

174 2180 366 2246 monendum
376 2178 437 2246 hoc
447 2179 589 2268 videtur)
604 2179 792 2246 recentiores
806 2180 941 2247 editores
956 2181 1036 2268 quid
1048 2181 1122 2246 effe-

176 2310 285 2386 cerint,
305 2309 398 2396 plane
419 2307 534 2387 nescio,
558 2332 658 2396 quum
679 2309 793 2376 fuerim
813 2310 931 2376 multos
951 2310 1009 2376 hos
1023 2333 1121 2377 annos

178 2443 272 2529 (quot
286 2440 380 2519 enim,
397 2463 463 2506 non
477 2463 552 2507 curo
566 2441 759 2530 meminisse)
772 2443 928 2510 odunum'
937 2443 1122 2511 Ciceronem

175 2581 263 2636 totus
278 2593 457 2637 conversus.

234 2792 362 2851 Dnblinii
375 2793 444 2851 loo.
457 2793 553 2851 leciri
566 2809 719 2851 noccomv.
776 2791 778 2798 ’
