2566 4214
426 335 470 392 IN
492 332 641 395 EPISTT.
662 335 722 393 AD
741 337 830 398 arr,
1071 345 1102 398 ll

153 499 251 576 priora
273 505 383 575 spectes
397 498 431 576 (“
441 500 558 557 dorcam
577 519 596 557 a
608 502 684 557 aad.
701 520 880 562 ..servorum
903 499 1030 562 consiliis
1048 507 1108 562 uti·

153 597 237 672 tur”)
252 599 312 657 sive
324 601 483 675 posteriora
497 603 531 677 (“
540 600 624 658 facile
636 619 733 676 operas
752 601 834 659 aditu
848 601 1107 682 prohibuerunt”),

153 699 228 758 nihil
241 700 370 776 apertius
383 699 443 759 esse¹
463 709 567 777 potest,
586 721 672 777 quam
683 703 868 761 scribendum
887 723 956 774 esse,
971 725 1029 764 non
1049 726 1110 764 cam

154 801 221 869 auio,
236 799 285 857 aed
305 818 366 858 cum
388 801 480 859 cervas.
521 801 670 860 Scribitnr
691 811 789 860 autem
801 805 887 862 covas
910 825 963 882 per
976 826 1109 884 compen-

155 899 237 957 dium
250 901 327 958 e’aia.

199 1109 242 1118 -
261 1071 309 1130 18.
325 1070 356 1129 3.
381 1075 402 1106 “
416 1064 579 1130 Hiberna*
601 1066 762 1153 legionum
783 1068 922 1156 eligendi
944 1073 1031 1157 optio
1053 1075 1109 1140 de-

157 1171 226 1236 lata
240 1173 469 1237 commodum.''

162 1387 164 1394 γ
197 1301 286 1368 Codd,
302 1303 471 1362 “hibernam
484 1307 618 1383 lepioacm.
660 1309 761 1367 Scribe
768 1309 954 1368 Hibericarum
967 1313 1111 1390 topiorum.

160 1403 179 1460 J
181 1423 226 1460 am
239 1416 308 1460 vero
321 1403 357 1461 de
370 1424 428 1462 usu
441 1407 577 1482 gerundii
591 1409 673 1483 quasi
686 1428 739 1484 pro
759 1410 888 1486 genitivo
901 1411 1009 1486 plurali
1022 1418 1111 1490 parti-

159 1503 227 1579 cipii
246 1504 324 1562 vidd.
343 1507 458 1584 Zumpt.
481 1505 495 1586 ξ
517 1507 583 1567 661.
608 1520 638 1567 et
659 1511 785 1588 Madvig.
803 1513 839 1569 ad
852 1513 885 1570 de
904 1514 969 1571 Fin.
984 1536 1012 1591 p.
1033 1521 1105 1589 112,

159 1623 216 1678 seq.

205 1743 272 1808 VI.
299 1751 327 1808 l.
351 1751 382 1809 3.
412 1755 541 1829 “quern
570 1746 666 1812 etiam
694 1773 798 1819 amare
828 1778 1006 1846 coeperam:
1043 1764 1108 1842 sed,

141 1851 243 1928 dico*,
258 1854 404 1917 revocavi
419 1875 479 1930 me,
495 1877 536 1920 ne
550 1855 621 1918 -.'’

191 1984 295 2042 -Incidi
315 1993 345 2042 et
369 1986 430 2062 ipse
450 1988 532 2045 ultro
554 1989 586 2046 in
609 1990 715 2050 noemi
738 1997 935 2070 conjecturam
959 2004 1006 2060 sed
1024 2004 1113 2063 illico:

161 2104 247 2160 quam
268 2087 414 2164 negligere
436 2089 563 2146 Orellius
587 2109 646 2148 non
668 2093 800 2165 debebat,
824 2098 856 2156 in
878 2100 969 2158 altera
988 2103 1115 2162 editione

160 2185 223 2260 ipse
234 2187 390 2260 conjiciens
402 2188 451 2244 aad
462 2188 521 2244 cito.

207 2389 250 2400 ..
266 2350 296 2415 7.
313 2352 343 2411 2.
357 2333 390 2387 ‘⁶‘
401 2346 479 2412 Tiro
494 2348 534 2412 ad
548 2358 582 2416 te
596 2351 735 2418 dedisset
748 2353 865 2436 literas,
878 2359 939 2426 nisi
952 2385 1027 2428 eum
1041 2388 1114 2452 gra·-

165 2454 248 2518 viter
261 2455 432 2541 aegrum**
446 2457 671 2542 reliquissem.''

203 2589 273 2647 Sine
283 2589 413 2648 defectus
426 2591 508 2667 signo
526 2604 654 2669 pergunt
666 2595 748 2655 codd.
762 2597 830 2656 fere.
869 2601 971 2678 Neque
983 2614 1046 2664 erat
1059 2608 1116 2667 loci

164 2710 268 2748 nomen
289 2691 357 2749 istic
377 2693 557 2768 ponendum:
585 2697 619 2754 of.
643 2699 693 2755 vii,
718 2703 744 2757 2.
760 2704 797 2770 3.,
827 2703 992 2764 “Tironem
1018 2710 1117 2768 Patria

165 2802 276 2860 capram
288 2784 422 2860 reliqu'a”
463 2787 575 2846 Deinde
588 2790 709 2850 fortasse
719 2811 776 2850 non
789 2795 831 2852 ita
844 2799 974 2872 graviter
986 2812 1116 2878 aegrota·

164 2885 216 2942 bat
230 2885 308 2954 Tiro,
332 2885 357 2944 si
371 2885 487 2964 quidem
506 2907 543 2946 ne
556 2908 648 2964 quum
661 2892 771 2954 iterum
793 2896 909 2970 quidem
929 2903 961 2956 in
980 2903 1116 2961 morbum

164 2984 321 3053 incidisset,
335 2987 463 3060 graviter
476 2993 651 3064 aegrotabat,
662 3012 753 3070 quum
766 3005 862 3055 tamen
874 3001 993 3074 gravius
1006 3004 1117 3062 soleant

166 3085 189 3141 ii
202 3095 357 3161 aegrotare,
373 3089 425 3163 qui
447 3090 533 3146 semel
554 3091 642 3149 levati
655 3097 755 3152 morbo
771 3095 807 3154 de
820 3099 934 3176 integro
947 3102 979 3158 in
992 3123 1059 3162 eum
1073 3106 1116 3162 in·

167 3183 315 3243 ciderunt:
336 3187 370 3243 of.
386 3187 513 3244 eamdem
533 3189 613 3247 illam
634 3193 731 3268 epist:
753 3197 828 3266 “Et,
844 3217 1018 3276 quamquam
1037 3204 1117 3262 vide·

167 3286 257 3342 batur
274 3305 304 3344 se
315 3305 371 3344 noa
381 3289 504 3362 praviter
515 3287 629 3363 babere,
641 3302 737 3351 tamen
749 3315 813 3353 sum
828 3299 999 3359 sollicitus.”
1037 3304 1117 3381 Ergo

167 3394 272 3462 potest,
296 3387 405 3462 opinor,
429 3388 461 3444 in
480 3392 603 3464 praviter
624 3393 735 3470 aliquid
757 3397 855 3459 latere.
896 3401 1042 3464 Fortasse:
1062 3409 1120 3466 aaa

167 3511 225 3549 eam
234 3500 350 3568 provata
363 3493 393 3549 ia
405 3493 498 3553 itinere
511 3515 621 3572 aeprum
633 3499 805 3576 reliquisset.

213 3653 299 3718 VII.
323 3661 353 3720 2.
369 3661 399 3722 3.
424 3657 607 3726 “Tironem
631 3660 736 3732 Patris
758 3689 888 3756 aegrum
902 3671 1025 3760 reliqui,
1041 3675 1116 3742 ado-
