2566 4214
453 801 830 900 PRAEFATIO.

556 1089 723 1122 *4-

170 1319 280 1400 Quum
296 1317 402 1403 paucis
421 1318 535 1384 abhinc
556 1319 645 1383 annis
667 1317 826 1404 Epistolas
846 1311 1016 1394 Ciceronis,
1034 1337 1113 1400 quae

169 1459 244 1514 sunt
257 1452 302 1512 ad
314 1451 500 1514 Familiares
515 1459 548 1514 et
562 1453 607 1514 ad
620 1449 753 1513 Atticam
767 1449 889 1526 missae,
906 1448 999 1533 paulo
1014 1450 1113 1512 studi-

167 1578 251 1642 osius
265 1577 448 1665 relegerem,
469 1599 582 1662 nempe
604 1577 638 1641 id
657 1599 763 1663 agens,
778 1587 816 1642 ut
830 1575 1037 1641 Latinitatem
1052 1578 1114 1641 lec·

167 1707 280 1772 tiorem
294 1707 327 1771 in
342 1707 526 1771 adversariis
541 1708 716 1793 exciperem
727 1717 823 1793 atque
837 1707 871 1770 in
884 1707 1003 1772 indices
1018 1708 1113 1794 (quos

168 1835 301 1900 dicimus
323 1835 432 1924 hodie)
448 1857 603 1922 cogerem,
620 1837 706 1902 visus
721 1836 797 1900 mihi
821 1860 891 1901 sum
910 1838 943 1901 in
967 1840 1112 1902 ernenda-

167 1963 268 2028 tiones
281 1964 448 2030 nonnullas
467 1965 569 2030 obiter
586 1965 734 2031 incidere.
780 1966 868 2049 Quas
888 1989 944 2032 cur
958 1967 1017 2032 hoe
1032 1979 1111 2032 tem-

166 2115 242 2178 pore
251 2093 404 2159 voluerim
415 2095 518 2172 edere,
532 2117 625 2161 causa
637 2095 710 2174 fuit,
721 2097 808 2180 quod
818 2120 837 2161 a
848 2096 893 2161 V.
907 2097 957 2172 0.,
973 2097 1109 2174 Baitero,

166 2224 346 2290 Professore
362 2219 538 2303 Turicensi,
563 2249 620 2312 per
641 2207 881 2321 literas'certior
903 2228 1006 2293 faetus
1029 2253 1109 2306 sum,

165 2357 336 2422 editionem
351 2379 384 2421 se
399 2356 560 2423 Ciceronis
576 2357 702 2443 Lipsiae
722 2357 926 2423 emittendam
945 2360 1110 2444 recepisse3

165 2487 191 2551 si
206 2487 284 2572 quid
298 2487 411 2552 vellem
431 2489 471 2553 ad
491 2488 651 2574 Epistolas
666 2489 876 2555 emendandas
895 2492 1045 2567 conferre,
1062 2494 1111 2556 lu-

164 2619 275 2683 benter
286 2641 319 2683 se
330 2642 471 2684 usurum.
517 2619 594 2684 Non
605 2620 741 2684 multum
756 2620 869 2685 laboris
881 2644 954 2706 prae
965 2645 1015 2685 me
1026 2624 1107 2687 fero:

162 2747 219 2813 sed
232 2771 293 2814 usu
307 2749 414 2814 venire
432 2731 535 2826 credo,
558 2759 677 2814 utnon
696 2750 799 2814 minus
818 2749 923 2816 felices
941 2751 1108 2836 aliquando

161 2878 310 2944 fortuitae
338 2878 570 2944 emendationes
592 2880 756 2956 exsistant,
787 2903 882 2964 quam
907 2903 979 2945 cum
1003 2881 1107 2946 labore

162 3022 258 3094 atquc
273 3033 402 3096 operose
416 3011 585 3095 quaesitae.
631 3011 782 3078 Ceterum
797 3011 933 3076 editione
948 3036 1018 3077 sum
1032 3038 1107 3078 usus

164 3141 332 3220 Orelliana,
350 3142 445 3207 etiam
459 3140 534 3208 alias
549 3141 715 3206 nonnullas
730 3141 863 3207 subinde
877 3143 1054 3227 respiciens.

208 3403 272 3470 Sed
287 3403 335 3466 his
350 3403 464 3468 addere
478 3403 584 3469 lubuit
605 3404 700 3468 etiam
723 3404 756 3468 in
769 3404 946 3491 fragmenta
967 3406 1021 3469 illa
1034 3406 1107 3469 libri

159 3539 199 3600 de
218 3539 310 3614 Ferte,
336 3559 417 3621 quae
439 3559 458 3601 a
481 3536 527 3601 V.
545 3536 600 3614 D„
626 3537 666 3602 L.
688 3537 727 3604 C.
752 3537 914 3614 Feruoci0‚
937 3561 1038 3624 nuper
1058 3539 1106 3602 in-

161 3682 256 3733 venta
270 3677 303 3733 et
325 3667 482 3734 Modenae
496 3668 581 3734 edita
598 3691 789 3756 magnopere
807 3669 926 3735 animos
941 3670 1105 3736 doctorum
