2566 4214
443 349 487 408 IN
509 349 656 409 EPISTT.
677 351 738 410 AD
757 351 859 412 ΕΔΜ.
1109 352 1127 414 7

176 516 268 582 Quem
278 513 368 570 miror
381 514 452 590 quid
467 516 598 590 potuerit
611 516 744 587 retinere,
760 537 818 593 quo
832 519 930 578 minus
945 519 1049 594 utique
1065 514 1131 572 ἔθος

175 615 343 688 conjecturo
362 626 573 704 assequeretur.
626 616 721 676 Infra:
744 619 829 678 “sed
852 621 929 678 nosti
949 638 1048 678 osorem
1070 619 1131 676 dio-

175 715 338 791 logorum.’'

220 857 267 922 X.
291 863 343 923 25.
362 864 405 922 1.:
430 858 555 925 “Nolo
571 860 655 924 enim
670 871 703 926 te
723 861 878 948 ignorare,
896 873 1047 947 quantam
1061 863 1129 926 lou·

123 1021 126 1028 .
176 968 249 1032 dem
275 975 463 1032 oonseoutus
491 968 533 1032 sis
550 1015 558 1031 .
575 1015 583 1031 .
600 1016 608 1032 .
623 979 785 1056 praeterea
808 971 892 1035 fama
915 970 1127 1054 scientiaque*

177 1074 345 1140 ommum.”

213 1179 365 1268 Fortasse:
385 1225 546 1284 assensuque
558 1209 692 1268 omnium:
712 1209 748 1268 of.
763 1211 796 1268 do
808 1211 848 1269 N.
866 1210 901 1268 D.
916 1210 946 1268 ii.
961 1213 988 1267 2.
1003 1215 1031 1268 4.

218 1371 305 1438 XII.
332 1378 443 1438 11.2.:
468 1381 489 1412 “
505 1370 591 1438 Scire
613 1383 646 1438 te
658 1373 741 1450 volo,
758 1373 849 1438 fimio
862 1375 1015 1460 praesidia
1038 1376 1127 1440 vobis

175 1483 360 1567 senatuique
374 1482 452 1547 oon*
467 1482 603 1546 deesse.''

212 1615 266 1672 Est
278 1634 335 1674 noo
348 1633 385 1672 ex
398 1615 608 1692 supplemento,
629 1621 666 1672 ut
685 1613 728 1672 oit
742 1614 871 1676 Orellios
891 1614 1017 1690 quidem,
1032 1633 1127 1672 neces·

173 1727 255 1786 sorio.
295 1727 439 1803 Equidem
459 1727 590 1803 suspiooo
608 1745 663 1802 pro
685 1727 773 1787 deesse
794 1727 981 1790 scribendum
1002 1747 1063 1788 esse
1086 1713 1125 1786 ᾗ.

173 1846 226 1888 esse
239 1827 349 1904 (decem
364 1830 449 1904 esse),
462 1835 499 1886 ut
512 1835 558 1885 tot
570 1825 655 1886 firmo
673 1826 817 1904 praesidio
829 1846 891 1886 esse
903 1828 1040 1898 voluerit,
1055 1839 1128 1904 quot

170 1931 315 1988 recensuit
327 1931 461 2006 legiones.
483 1930 526 1990 cf.
540 1929 628 1990 etism
642 1930 726 2006 epist.
743 1932 786 1989 13.
799 1949 827 1988 n.
845 1932 882 2000 4.,
900 1931 1044 1990 “Cassius
1058 1949 1123 1988 nos·

172 2041 217 2089 ter
232 2051 298 2093 oum
310 2033 400 2090 decom
414 2031 578 2108 legionibus
593 2034 658 2088 -·.''

215 2239 258 2249 -
284 2201 336 2260 30.
363 2199 409 2258 3.:
441 2193 641 2278 “Requisivi
664 2193 812 2278 equidem
840 2194 982 2279 proprios
1009 2195 1124 2259 adme

172 2326 272 2368 unum
286 2303 325 2367 o*
339 2313 373 2368 te
386 2301 519 2368 literas?

210 2435 289 2496 Med.
312 2436 353 2492 od
370 2435 470 2494 literas.
510 2435 657 2498 Fortasse:
675 2393 810 2510 proprios
832 2437 873 2496 ad
891 2455 932 2496 mo
954 2453 1039 2494 onom
1062 2457 1080 2494 a
1103 2448 1126 2496 to

122 2569 125 2574 ·
165 2539 302 2612 proprios
316 2537 355 2596 od
366 2537 466 2596 zooras.

215 2697 325 2766 XIII.
347 2705 379 2764 4.
396 2704 446 2764 2.:
471 2708 493 2740 “
504 2698 615 2782 Quum
626 2697 726 2762 enim*
740 2697 861 2766 tribuni
876 2697 920 2782 pl.
935 2698 1007 2760 -.”

209 2835 239 2890 A
252 2832 334 2890 oodd.
348 2833 431 2890 obest
442 2833 530 2902 eoim;
551 2839 642 2888 recte:
662 2829 698 2887 of.
712 2829 746 2886 de
762 2828 815 2904 Off.
830 2830 849 2890 i.
863 2833 906 2888 13.
918 2833 974 2900 40.
997 2829 1124 2897 “Quum

170 2953 186 2989 o
200 2931 315 3012 Pyrrho
324 2933 392 2990 -.’'

215 3110 256 3122 -
276 3075 324 3134 12.
344 3075 387 3133 1.:
410 3068 467 3134 sod
480 3077 517 3132 ut
535 3065 550 3155 [
593 3063 626 3152 *]
640 3064 723 3130 hono
738 3064 882 3130 addam.”

208 3203 354 3260 Fomsse:
373 3201 422 3259 sed
432 3208 462 3258 ot
473 3200 540 3257 odeo
553 3235 601 3253 -.

214 3389 257 3402 ..
277 3349 391 3412 21.1‚:
416 3341 521 3410 “vir.
539 3338 722 3408 ..inomni
736 3359 852 3428 genere
870 3338 964 3409 officii
986 3340 1121 3428 diligen-

149 3453 259 3520 dus'.’'

208 3587 228 3645 J
230 3605 274 3644 om
289 3585 320 3644 P.
336 3585 496 3654 Manutius.
520 3601 611 3660 quum
634 3582 782 3650 scriberet,
807 3581 875 3656 quio
885 3581 1002 3657 doiqem
1014 3591 1044 3640 et
1057 3581 1124 3640 ‹liei-
